
@Article{	  abrams93,
  author	= {Peter Abrams},
  title		= {Evolutionarily unstable fitness maxima and stable fitness
		  minima of continuous traits},
  journal	= {Evolutionary Ecology},
  year		= {1993},
  volume	= {7},
  pages		= {467-487}
}

@Article{	  champagnat2006,
  author	= {Champagnat, N. and Ferri\`{e}re, R. and Meleard, S.},
  title		= {Unifying evolutionary dynamics: From individual stochastic
		  processes to macroscopic models},
  journal	= {Theor.~Pop.~Biol.},
  year		= {2006},
  volume	= {69},
  pages		= {297--321},
  optjournal	= {Theoretical Population Biology}
}

@Article{	  champagnat_2007,
  author	= {Champagnat, N. and Lambert, A.},
  title		= {Evolution of discrete populations and the canonical
		  equation of adaptive dynamics},
  journal	= {Ann.~Appl.~Prob.},
  year		= {2007},
  volume	= {17},
  pages		= {102--155},
  optjournal	= {Annals of Applied Probability}
}

@Article{	  chevin_gen2008,
  author	= {Chevin, L.M. and Hospital, F.},
  title		= {Selective sweep at a quantitative trait locus in the
		  presence of background genetic variation},
  journal	= {Genetics},
  year		= {2008},
  volume	= {180},
  pages		= {1645--1660}
}

@Article{	  claerbout,
  author	= {M. Schwab and M. Karrenbach and J. Claerbout},
  title		= {Making scientific computations reproducible},
  journal	= {Science and Engineering},
  volume	= {2},
  number	= {6},
  pages		= {61-67},
  year		= {2000}
}

@Article{	  cooper_pnas2003,
  author	= {Cooper, T.F. and Rozen, D.E. and Lenski, R.E.},
  title		= {Parallel changes in gene expression after 20,0000
		  generations of evolution in \emph{Escherichia coli}},
  journal	= {Proceedings of the National Academy of Sciences, USA},
  year		= {2003},
  volume	= {100},
  pages		= {1072--7},
  optjournal	= {Proc. Natl. Acad. Sci. USA}
}

@Article{	  dieckmann_jmb1996,
  author	= {Dieckmann, U. and Law, R.},
  title		= {The dynamical theory of coevolution: a derivation from
		  stochastic ecological processes},
  journal	= {J.~Math.~Biol.},
  year		= {1996},
  volume	= {34},
  pages		= {579--612},
  optjournal	= {Journal of Mathematical Biology}
}

@Article{	  dieckmann_nat1999,
  author	= {Dieckmann, U. and Doebeli, M.},
  title		= {On the origin of species by sympatric speciation},
  journal	= {Nature},
  year		= {1999},
  volume	= {400},
  pages		= {354--357}
}

@Article{	  duffy_ecolett2007,
  author	= {Duffy, M.A. and Sivars-Becker, L.},
  title		= {Rapid evolution and ecological host-parasite dynamics},
  journal	= {Ecology Letters},
  year		= {2007},
  volume	= {10},
  pages		= {44--53}
}

@Article{	  geritz_evoeco1998,
  author	= {Geritz, S.~A.~H. and Kisdi, E. and Mesz\'{e}na, G. and
		  Metz, J.~A.~J.},
  title		= {Evolutionarily singular strategies and the adaptive growth
		  and branching of the evolutionary tree},
  journal	= {Evol.~Ecol.~},
  year		= {1998},
  volume	= {12},
  pages		= {35--57},
  optjournal	= {Evolutionary Ecology}
}

@Article{	  geritz_jmb2002,
  author	= {Geritz, S.A.H. and Gyllenberg, M. and Jacobs, F.J.A. and
		  Parvinen, K.},
  title		= {Invasion dynamics and attractor inheritance},
  journal	= {Journal of Mathematical Biology},
  year		= {2002},
  volume	= {44},
  pages		= {548--560}
}

@Article{	  geritz_jmb2004,
  author	= {Geritz, S.~A.~H.},
  title		= {Resident-invader dynamics and the coexistence of similar
		  strategies},
  journal	= {J.~Math.~Biol.},
  year		= {2004},
  volume	= {50},
  pages		= {67--82},
  optjournal	= {Journal of Mathematical Biology}
}

@Article{	  geritz_prl1997,
  author	= {Geritz, S.~A.~H. and Metz, J.~A.~J. and Kisdi, E. and
		  Mesz\'{e}na, G.},
  title		= {The dynamics of adaptation and evolutionary branching},
  journal	= {Phys.~Rev.~Lett.},
  year		= {1997},
  volume	= {78},
  pages		= {2024--2027},
  optjournal	= {Physical Review Letters}
}

@Article{	  gillespie,
  author	= {Daniel Gillespie},
  title		= {Exact Stochastic Simulation of Coupled Chemical
		  Reactions},
  journal	= {Journal of Physical Chemistry},
  year		= {1977},
  volume	= {81.25},
  pages		= {2340-2361}
}

@Book{		  hofbauer_book1998,
  title		= {Evolutionary Games and Population Dynamics},
  publisher	= {Cambridge University Press},
  year		= {1998},
  author	= {Hofbauer, J. and Sigmund, K.},
  address	= {Cambridge, U.K.}
}

@Article{	  kimura1968,
  author	= {Motoo Kimura},
  title		= {Evolutionary rate at the molecular level},
  journal	= {Nature},
  year		= {1968},
  volume	= {217},
  pages		= {624--626}
}

@Book{		  kimura_book1984,
  title		= {The neutral theory of molecular evolution},
  publisher	= {Cambridge University Press},
  year		= {1984},
  author	= {Kimura, M.},
  address	= {Cambridge, UK}
}

@Article{	  kurtz_1971,
  author	= {Kurtz, T.G.},
  title		= {Limit theorems for sequences of jump {M}arkov processes
		  approximating ordinary differential equations},
  journal	= {Journal of Applied Probability},
  year		= {1971},
  volume	= {8},
  pages		= {344--356}
}

@Article{	  lande79,
  author	= {R. Lande},
  title		= {quantitative genetic analysis of multivariate evolution,
		  applied to brain: body size allometry},
  journal	= {Evolution},
  year		= {1979},
  volume	= {33},
  pages		= {402-416}
}

@Article{	  lande_1983,
  author	= {R. Lande and S. J. Arnold},
  title		= {The measurement of selection on correlated characters},
  journal	= {Evolution},
  year		= {1983},
  volume	= {37},
  pages		= {1210-1226}
}

@Article{	  levins62,
  author	= {Richard Levins},
  title		= {Theory of Fitness in a Heterogeneous Environment. I. The
		  Fitness Set and Adaptive Function},
  journal	= {The American Naturalist},
  volume	= {96},
  number	= {891},
  pages		= {361-373},
  year		= {1962}
}

@Article{	  levins64,
  author	= {Richard Levins},
  title		= {Theory of Fitness in a Heterogeneous Environment. III. The
		  Response to Selection},
  journal	= {Journal of Theoretical Biology},
  volume	= {7},
  pages		= {224-240},
  year		= {1964}
}

@Article{	  nowak_science2004,
  author	= {Nowak, M.~A. and Sigmund, K.},
  title		= {Evolutionary dynamics of biological games},
  journal	= {Science},
  year		= {2004},
  volume	= {303},
  pages		= {793--9}
}

@Article{	  ohta_pnas2002,
  author	= {Ohta, T.},
  title		= {Near-neutrality in revolution of genes and gene
		  regulation},
  journal	= {Proc. Natl. Acad. Sci. },
  year		= {2002},
  volume	= {99},
  pages		= {16134--7}
}

@Article{	  olsen_2005,
  author	= {Olsen, E. and Lilly, G.R. and Heino, M. and Morgan, M.J.
		  and Brattey, J. and Dieckmann, U.},
  title		= {Assessing changes in age and size at maturation in
		  collapsing populations of Atlantic cod (\emph{Gadus
		  morhua})},
  journal	= {Canadian Journal of Fisheries and Aquatic Sciences},
  year		= {2005},
  volume	= {62},
  pages		= {811--823}
}

@Article{	  rueffler04,
  author	= {C Rueffler and T.J.M. Van Dooren and J.A.J. Metz},
  title		= {Adaptive walks on changing landscapes: Levins' approach
		  extended},
  journal	= {Theoretical Population Biology},
  volume	= {65},
  pages		= {165-178},
  year		= {2004}
}

@Article{	  stodden,
  author	= {Victoria Stodden},
  title		= {The Legal Framework for Reproducible Scientific Research:
		  Licensing and Copyright},
  journal	= {Computing in Science and Engineering},
  volume	= {11},
  number	= {1},
  pages		= {35-40},
  year		= {2009},
  doi		= {10.1109/MCSE.2009.19}
}

@Article{	  templelang07,
  author	= {Robert Gentleman and Duncan Temple Lang},
  title		= {Statistical Analyses and Reproducible Research},
  journal	= { },
  year		= {2007},
  doi		= {10.1198/106186007X178663}
}

@Book{		  vankampen_book2001,
  title		= {Stochastic Processes in Physics and Chemistry},
  publisher	= {Elsevier Science},
  year		= {2001},
  author	= {van Kampen, N.G.}
}

@Article{	  wichman_sci1999,
  author	= {Wichman, H.A. and Badgett, M.R. and Scott, L.A. and
		  Boulianne, C.M. and Bull, J.J.},
  title		= {Different trajectories of parallel evolution during viral
		  adaptation},
  journal	= {Science},
  year		= {1999},
  volume	= {285},
  pages		= {422--424}
}

@InProceedings{	  wright1932,
  author	= {Wright, S.},
  title		= {The roles of mutation, inbreeding, crossbreeding and
		  selection in evolution},
  booktitle	= {Proceedings of the 6th International Congress of
		  Genetics},
  year		= {1932},
  volume	= {1},
  pages		= {356--66}
}

@Article{	  wright31,
  author	= {Sewall Wright},
  title		= {Evolution in Mendelian populations},
  journal	= {Genetics},
  year		= {1931},
  volume	= {16},
  pages		= {97â€“159}
}
