% This file was created with JabRef 2.3.1.
% Encoding: UTF-8


@article{rueffler04,
	author = {C Rueffler and T.J.M. Van Dooren and J.A.J. Metz},
	title = {Adaptive walks on changing landscapes: Levins' approach extended},
	journal = {Theoretical Population Biology},
	volume = {65},
	pages = {165-178},
	year = {2004},
}

@article{levins64,
	author = {Richard Levins},
	title = {Theory of Fitness in a Heterogeneous Environment. III. The Response to Selection},
	journal = {Journal of Theoretical Biology},
	volume = {7},
	pages = {224-240},
	year = {1964},
}

@article{levins62,
	author = {Richard Levins},
	title = {Theory of Fitness in a Heterogeneous Environment. I. The Fitness Set and Adaptive Function},
	journal = {The American Naturalist},
	volume = {96},
	number = {891},
	pages = {361-373},
	year = {1962},
}

@article{FomelClaerbout09,
	author = {Sergey Fomel and Jon F. Claerbout},
	title = {Reproducible Research, Guest Editors' Introduction},
	journal = {Computing in Science and Engineering},
	volume = {11},
	number = {1},
	pages = {5-7},
	year = {2009},
}

@article{Gentleman05,
	pmid = {16646837},
	author = {Gentleman, Robert},
	title = {Reproducible research: a bioinformatics case study.},
	journal = {Statistical applications in genetics and molecular biology},
	volume = {4},
	pages = {Article2},
	year = {2005},
	doi = {10.2202/1544-6115.1034},
}

@article{Page05,
	pmid = {16701395},
	author = {Page, Lawrence M},
	title = {Organisms in nature as a central focus for biology.},
	journal = {Trends Ecol. Evol. (Amst.)},
	volume = {20},
	number = {7},
	pages = {361-2},
	year = {2005},
	doi = {10.1016/j.tree.2005.04.006},
}

@article{Peng06,
	pmid = {16510544},
	author = {Peng, Roger D and Dominici, Francesca and Zeger, Scott L},
	title = {Reproducible epidemiologic research.},
	journal = {Am. J. Epidemiol.},
	volume = {163},
	number = {9},
	pages = {783-9},
	year = {2006},
	doi = {10.1093/aje/kwj093},
}

@article{TempleLang07,
	author = {Robert Gentleman and Duncan Temple Lang},
	title = {Statistical Analyses and Reproducible Research},
	journal = { },
	year = {2007},
	doi = {10.1198/106186007X178663},
}

@article{Claerbout,
	author = {M. Schwab and M. Karrenbach and J. Claerbout},
	title = {Making scientific computations reproducible},
	journal = {Science and Engineering},
	volume = {2},
	number = {6},
	pages = {61-67},
	year = {2000},
}

@article{knuth,
	author = {Donald E. Knuth},
	title = {Literate Programming},
	journal = {The Computer Journal},
	volume = {27},
	number = {2},
	pages = {97-111},
	year = {1984},
}

@article{Stodden,
	author = {Victoria Stodden},
	title = {The Legal Framework for Reproducible Scientific Research: Licensing and Copyright},
	journal = {Computing in Science and Engineering},
	volume = {11},
	number = {1},
	pages = {35-40},
	year = {2009},
	doi = {10.1109/MCSE.2009.19},
}







@ARTICLE{dherelle_1917,
  author = {d'Herelle, F.},
  title = {Sur un microbe invisible antagoniste des bacilles dysent\`{e}riques},
  journal = {Cr.~R.~Acad.~Sci.~Paris},
  year = {1917},
  volume = {165},
  optpages = {373}
}

@INPROCEEDINGS{abedon_2006,
  author = {Abedon, S.~T. and Yin, J.},
  title = {Bacteriophage plaques: theory and analysis},
  booktitle = {Bacteriohages: Methods and Protocols},
  year = {2006},
  editor = {Kropinski, M.C.A.},
  address = {Totowa, NJ},
  publisher = {Humana Press}
}

@ARTICLE{abrams_annreveco2000,
  author = {Abrams, P.A.},
  title = {The evolution of predator-prey interactions},
  journal = {Ann.~Rev.~Ecol.~Syst},
  year = {2000},
  volume = {31},
  pages = {79--105},
  optjournal = {Annual Review of Ecology and Systematics}
}

@ARTICLE{abrams1995,
  author = {Abrams, P.A.},
  title = {Monotonic or unimodal diversity-productivity gradients: what does
	competition theory predict?},
  journal = {Ecology},
  year = {1995},
  volume = {76},
  pages = {2019--27}
}

@ARTICLE{Abrams93,
  author = {Peter Abrams},
  title = {Evolutionarily unstable fitness maxima and stable fitness minima
	of continuous traits},
  journal = {Evolutionary Ecology},
  year = {1993},
  volume = {7},
  pages = {467-487}
}

@ARTICLE{abrams_evo1997,
  author = {Abrams, P.A. and Matsuda, H.},
  title = {Prey adaptation as a cause of predator-prey cycles},
  journal = {Evolution},
  year = {1997},
  volume = {51},
  pages = {1742--1750}
}

@ARTICLE{klepac_nat2004,
  author = {Acinas, S.G. and Klepac-Ceraj, V. and Hunt, D.E. and Pharino, C.
	and Ceraj, I. and Distel, D.L. and Polz, M.F.},
  title = {Fine-scale phylogenetic architecture of a complex bacterial community},
  journal = {Nature},
  year = {2004},
  volume = {430},
  pages = {551--4}
}

@ARTICLE{ackermann_evo2004,
  author = {Ackermann, M. and Doebeli, M.},
  title = {Evolution of niche width and adaptive diversification},
  journal = {Evolution},
  year = {2004},
  volume = {58},
  pages = {2599--2612}
}

@ARTICLE{adler1996,
  author = {Adler, F.R.},
  title = {A model of self-thinning through local competition},
  journal = {Proc. Natl. Acad. Sci.},
  year = {1996},
  volume = {93},
  pages = {9980--4}
}

@ARTICLE{albert_rmp2002,
  author = {Albert, R. and Barabasi, A.~-L.},
  title = {Statistical mechanics of complex networks},
  journal = {Rev.~Mod.~Phys.},
  year = {2002},
  volume = {74},
  pages = {47--97}
}

@ARTICLE{aljetlawi_jae2004,
  author = {Aljetlawi, A.A. and Sparrevik, E. and Leonardsson, K.},
  title = {Prey-predator size-dependent functional response: derivation and
	rescaling to the real world},
  journal = {J.~Anim.~Ecol.},
  year = {2004},
  volume = {73},
  pages = {239--252}
}

@ARTICLE{amir_2007,
  author = {Amir, A. and Kobiler, O. and Rokney, A. and Oppenheim, A.B. and Stavans,
	J.},
  title = {Noise in timing and precision of gene activities in a genetic cascade},
  journal = {Molecular Systems Biology},
  year = {2007},
  volume = {3},
  pages = {71}
}

@ARTICLE{andersson_comic1999,
  author = {Andersson, D.I. and Levin, B.R.},
  title = {The biological cost of antibiotic resistance},
  journal = {Current Opinions in Microbiology},
  year = {1999},
  volume = {2},
  pages = {489--93}
}

@ARTICLE{arkin_1998,
  author = {Arkin, A. and Ross, J. and McAdams, H.H.},
  title = {Stochastic kinetic analysis of developmental pathway bifurcation
	in phage $\lambda$-infected \emph{{E}schericia coli} cells},
  journal = {Genetics},
  year = {1998},
  volume = {149},
  pages = {1633--1648}
}

@ARTICLE{armstrong1980,
  author = {Armstrong, R.~A. and Mc{G}ehee, R.},
  title = {Competitive exclusion},
  journal = {American Naturalist},
  year = {1980},
  volume = {115},
  pages = {151--170}
}

@INPROCEEDINGS{arnold_2000,
  author = {Arnol'd, V.},
  title = {Singularity theory},
  booktitle = {Development of Mathematics 1950--2000},
  year = {2000},
  pages = {63--95},
  address = {Brikh\"auser, Basel},
  optpublisher = {Birkh\"auser}
}

@ARTICLE{arrhenius1921,
  author = {Arrhenius, O.},
  title = {Species and area},
  journal = {Journal of Ecology},
  year = {1921},
  volume = {9},
  pages = {95--9}
}

@BOOK{arthur1997,
  title = {The origin of animal body plans},
  publisher = {Cambridge {U}niversity {P}ress},
  year = {1997},
  author = {Arthur, W.}
}

@ARTICLE{aurell_2002,
  author = {Aurell, E. and Brown, S. and Johanson, J. and Sneppen, K.},
  title = {Stability puzzles in phage $\lambda$},
  journal = {Physical Review E},
  year = {2002},
  volume = {65},
  pages = {051914}
}

@ARTICLE{baek_2003,
  author = {Baek, K. and Svenningsen, S. and Eisen, H. and Sneppen, K. and Brown,
	S.},
  title = {Single-cell analysis of $\lambda$ immunity regulation},
  journal = {Journal of Molecular Biology},
  year = {2003},
  volume = {334},
  pages = {363--372}
}

@ARTICLE{baskett_amnat2007,
  author = {Baskett, M.~L. and Weitz, J.~S. and Levin, S.~A.},
  title = {The evolution of dispersal in reserve networks},
  journal = {American Naturalist},
  year = {2007},
  volume = {170},
  pages = {59--78}
}

@ARTICLE{bassler2002,
  author = {Bassler, B.L.},
  title = {Small talk. Cell-to-cell communication in bacteria},
  journal = {Cell},
  year = {2002},
  volume = {17},
  pages = {421--4}
}

@ARTICLE{bell2001,
  author = {Bell, G.},
  title = {Neutral macroecology},
  journal = {Science},
  year = {2001},
  volume = {293},
  pages = {2413--8}
}

@ARTICLE{beretta2002a,
  author = {Beretta, E. and Kuang, Y.},
  title = {Geometric stability switch criteria in delay differential systems
	with delay dependent parameters},
  journal = {Siam. J. Math. Anal.},
  year = {2002},
  volume = {33},
  pages = {1144--65}
}

@ARTICLE{beretta_2001,
  author = {Beretta, E. and Kuang, Y.},
  title = {Modeling and analysis of a marine bacteriophage infection with latency
	period},
  journal = {Nonlinear Analysis: Real World Applications},
  year = {2001},
  volume = {2},
  pages = {35--74}
}

@ARTICLE{beretta2002b,
  author = {Beretta, E. and Solimano, F. and Tang, Y.},
  title = {Analysis of a chemostat model for bacteria and virulent bacteriophage},
  journal = {Discrete Continuous Dyn.~Syst.},
  year = {2002},
  volume = {2},
  pages = {495--520},
  optjournal = {Discrete and Continuous Dynamical Systems}
}

@ARTICLE{bergman_nature2003,
  author = {Bergman, A. and Siegal, M.L.},
  title = {Evolutionary capacitance as a general feature of complex gene networks},
  journal = {Nature},
  year = {2003},
  volume = {424},
  pages = {549--52}
}

@ARTICLE{berryman1992,
  author = {Berryman, A.~A.},
  title = {The origins and evolution of predator-prey theory},
  journal = {Ecology},
  year = {1992},
  volume = {73},
  pages = {1530--5}
}

@UNPUBLISHED{weitz_inreview,
  author = {Boettiger, C. and Dushoff, J. and Weitz, J.S.},
  title = {Stochasticity in the phenotypic dynamics of evolving populations},
  year = {in review}
}

@ARTICLE{bohannan_avl2002,
  author = {Bohannan, B.J.M. and Kerr, B. and Jessup, C.M. and Hughes, J.B. and
	Sandvik, G.},
  title = {Trade-offs and coexistence in microbial microcosms},
  journal = {Antonie van Leeuwenhoek},
  year = {2002},
  volume = {81},
  pages = {107--15},
  optjournal = {Anton. Leeuwen.}
}

@ARTICLE{bohannan_ecolett2000,
  author = {Bohannan, B.~J.~M. and Lenski, R.~E.},
  title = {Linking genetic change to community evolution: insights from studies
	of bacteria and bacteriophage},
  journal = {Ecology Letters},
  year = {2000},
  volume = {3},
  pages = {362--77}
}

@ARTICLE{bohannan_ecology1997,
  author = {Bohannan, B.~J.~M. and Lenski, R.~E.},
  title = {Effect of resource enrichment on a chemostat community of bacteria
	and bacteriophage},
  journal = {Ecology},
  year = {1997},
  volume = {78},
  pages = {2303--15}
}

@ARTICLE{bolker2003,
  author = {Bolker, B.M.},
  title = {Combining endogeneous and exogenous spatial variability in analytical
	population models},
  journal = {Theor. Pop. Biol.},
  year = {2003},
  volume = {64},
  pages = {255--70}
}

@ARTICLE{bond2002,
  author = {Bond, E.~M. and Chase, J.~M.},
  title = {Biodiversity and ecosystem functioning at local and regional spatial
	scales},
  journal = {Ecology Letters},
  year = {2002},
  volume = {5},
  pages = {467--70}
}

@ARTICLE{boots_amnat1999,
  author = {Boots, M. and Haraguchi, Y.},
  title = {The evolution of costly resistance in host-parasite systems},
  journal = {American Naturalist},
  year = {1999},
  volume = {153},
  pages = {359--70}
}

@ARTICLE{vandenbosch_jmb1990,
  author = {van den Bosch, F. and Metz, J.A.J. and Diekmann, O.},
  title = {The velocity of spatial population expansion},
  journal = {J. Math. Biol.},
  year = {1990},
  volume = {28},
  pages = {529--65}
}

@ARTICLE{bossi_2003,
  author = {Bossi, L. and Fuentes, J.A. and Mora, G. and Figueroa-Bossi, N.},
  title = {Prophage contribution to bacterial population dynamics},
  journal = {Journal of Bacteriology},
  year = {2003},
  volume = {185},
  pages = {6467--6471}
}

@BOOK{brauer_book2001,
  title = {Mathematical Models in Population Biology and Epidemiology},
  publisher = {Springer},
  year = {2001},
  author = {Brauer, F. and Castillo-Chavez, C.},
  address = {New York}
}

@ARTICLE{breitbart_2005,
  author = {Breitbart, M. and Rohwer, F.},
  title = {Here a virus, there a virus, everywhere the same virus?},
  journal = {Trends in Microbiology},
  year = {2005},
  volume = {13},
  pages = {278--284}
}

@ARTICLE{breitbart_pnas2002,
  author = {Breitbart, M. and Salamon, P. and Andresen, B. and Mahaffy, J.~M.
	and Segall, A.~M. and Mead, D. and Azam, F. and Rohwer, F.},
  title = {Genomic analysis of uncultured marine viral communities},
  journal = {Proceedings of the National Academy of Sciences, USA},
  year = {2002},
  volume = {99},
  pages = {14250--14255}
}

@ARTICLE{brose_ecomon2005,
  author = {Brose {\emph{et al.}}, U.},
  title = {Body sizes of consumers and their resources},
  journal = {Ecology},
  year = {2005},
  volume = {86},
  pages = {2645}
}

@ARTICLE{brose_nat2004,
  author = {Brose, U. and Ostling, A. and Harrison, K. and Martinez, N.D.},
  title = {Unified spatial scaling of species and their trophic interactions},
  journal = {Nature},
  year = {2004},
  volume = {428},
  pages = {167--71}
}

@ARTICLE{brown_2001,
  author = {Brown, S.},
  title = {Collective action in an {RNA} virus},
  journal = {Journal of Evolutionary Biology},
  year = {2001},
  volume = {14},
  pages = {821--828}
}

@ARTICLE{buckling_nat2002,
  author = {Buckling, A. and Rainey, P.B.},
  title = {The role of parasites in sympatric and allopatric host diversification},
  journal = {Nature},
  year = {2002},
  volume = {420},
  pages = {496--9}
}

@ARTICLE{bull_2007,
  author = {Bull, J.J. and Molineus, I.J.},
  title = {Predicting evolution from genomics: experimental evolution of bacteriophage
	{T7}},
  journal = {Heredity},
  year = {2007},
  volume = {100},
  pages = {453--463}
}

@ARTICLE{bull_amnat2006,
  author = {Bull, J.~J. and Millstein, J. and Orcutt, J. and Wichman, H.~A.},
  title = {Evolutionary feedback mediated through population density, illustrated
	with viruses in chemostats},
  journal = {American Naturalist},
  year = {2006},
  volume = {167},
  pages = {E39--E51}
}

@ARTICLE{burch_nat2000,
  author = {Burch, C.L. and Chao, L.},
  title = {Evolvability of an RNA virus is determined by its mutational neighborhood},
  journal = {Nature},
  year = {2000},
  volume = {406},
  pages = {625--628}
}

@ARTICLE{burch_2004,
  author = {Burch, C.~L. and Chao, L.},
  title = {Epistasis and its relationship to canalization in the {RNA} virus
	$\phi$6},
  journal = {Genetics},
  year = {2004},
  volume = {167},
  pages = {559--567}
}

@ARTICLE{campbell_nature2003,
  author = {Campbell, A.},
  title = {The future of bacteriophage biology},
  journal = {Nature Reviews Genetics},
  year = {2003},
  volume = {4},
  pages = {471--477}
}

@ARTICLE{caraco2002,
  author = {Caraco et al., T.},
  title = {Stage-structured infection transmission and a spatial epidemic: a
	model for {L}yme disease},
  journal = {American Naturalist},
  year = {2002},
  volume = {160},
  pages = {348--59}
}

@ARTICLE{carbone_sci2002,
  author = {Carbone, C. and Gittleman, J.L.},
  title = {A common rule for the scaling of carnivore density},
  journal = {Science},
  year = {2002},
  volume = {295},
  pages = {2273--2276}
}

@ARTICLE{carlson_prl2000,
  author = {Carlson, J.~M. and Doyle, J.},
  title = {{HOT}: {R}obustness and design in complex systems},
  journal = {Phys.~Rev.~Lett.},
  year = {2000},
  volume = {84},
  pages = {2529--32}
}

@ARTICLE{champagnat2006,
  author = {Champagnat, N. and Ferri\`{e}re, R. and Meleard, S.},
  title = {Unifying evolutionary dynamics: From individual stochastic processes
	to macroscopic models},
  journal = {Theor.~Pop.~Biol.},
  year = {2006},
  volume = {69},
  pages = {297--321},
  optjournal = {Theoretical Population Biology}
}

@ARTICLE{champagnat_2001,
  author = {Champagnat, N. and Ferriere, R. and Ben Arous G.},
  title = {The canonical equation of adaptive dynamics: a mathematical view},
  journal = {Selection},
  year = {2001},
  volume = {1--2},
  pages = {73--83}
}

@ARTICLE{champagnat_2007,
  author = {Champagnat, N. and Lambert, A.},
  title = {Evolution of discrete populations and the canonical equation of adaptive
	dynamics},
  journal = {Ann.~Appl.~Prob.},
  year = {2007},
  volume = {17},
  pages = {102--155},
  optjournal = {Annals of Applied Probability}
}

@ARTICLE{chao_ecology1977,
  author = {Chao, L. and Levin, B.~R. and Stewart, F.~M.},
  title = {A complex community in a simple habitat: an experimental study with
	bacteria and phage},
  journal = {Ecology},
  year = {1977},
  volume = {58},
  pages = {369--378}
}

@ARTICLE{chapman_2008b,
  author = {Chapman-McQuiston, E. and Wu, X.L.},
  title = {Stochastic receptor expression allows sensitive bacteria to evade
	phage attack. {P}art II: theoretical analyses},
  journal = {Biophysical Journal},
  year = {2008},
  volume = {94},
  pages = {4537--4548}
}

@ARTICLE{charbit_2003,
  author = {Charbit, A.},
  title = {Maltodestrin transport through {L}am{B}},
  journal = {Frontiers in Bioscience},
  year = {2003},
  volume = {8},
  pages = {S265-74},
  optjournal = {Front. Biosci.}
}

@ARTICLE{charbit_1985,
  author = {Charbit, A. and Hofnung, M.},
  title = {Isolation of different bacteriophages using the {L}am{B} protein
	for adsorption on \emph{{E}scherichia coli} {K}-12},
  journal = {Journal of Virology},
  year = {1985},
  volume = {53},
  pages = {667--71},
  optjournal = {J. Virol.}
}

@ARTICLE{chave2002,
  author = {Chave, J. and Muller-Landau, H.~C. and Levin, S.~A.},
  title = {Comparing classical community models: theoretical consequences for
	patterns of diversity},
  journal = {Am. Nat.},
  year = {2002},
  volume = {159},
  pages = {1--23}
}

@UNPUBLISHED{chen2005,
  author = {Chen, K. and Pachter, L.},
  title = {Bioinformatics for metagenomics},
  year = {in review}
}

@ARTICLE{chesson1997,
  author = {Chesson, P. and Huntly, N.},
  title = {The roles of harsh and fluctuating conditions in the dynamics of
	ecological communities},
  journal = {Am. Nat.},
  year = {1997},
  volume = {150},
  pages = {519--53}
}

@ARTICLE{chesson1981,
  author = {Chesson, P.~L. and Warner, R.~R.},
  title = {Environmental variability promotes coexistence in lottery competitive
	systems},
  journal = {American Naturalist},
  year = {1981},
  volume = {117},
  pages = {923--43}
}

@ARTICLE{chevin_gen2008,
  author = {Chevin, L.M. and Hospital, F.},
  title = {Selective sweep at a quantitative trait locus in the presence of
	background genetic variation},
  journal = {Genetics},
  year = {2008},
  volume = {180},
  pages = {1645--1660}
}

@ARTICLE{ciampaglio2002,
  author = {Ciampaglio},
  title = {UKNOWN},
  journal = {NEED JOURNAL},
  year = {2002},
  note = {and references therein},
  optpages = {445--53},
  optvolume = {35}
}

@ARTICLE{cisternas_2004,
  author = {Cisterna, J. and Gear, C.~W. and Levin, S.~A. and Kevrekidis, I.~G.},
  title = {Equation-free modelling of evolving diseases: coarse-grained computations
	with individual-based models},
  journal = {Proc.~Roy.~Soc.~Lon.~A},
  year = {2004},
  volume = {460},
  pages = {2761--79}
}

@ARTICLE{clark1954,
  author = {Clark, P.J. and Evans, F.C.},
  title = {Distance to nearest neighbor as a measure of spatial relationships
	in populations},
  journal = {NEED JOURNAL},
  year = {1954},
  volume = {35},
  pages = {445--53}
}

@ARTICLE{Cohan1986,
  author = {Cohan, F. M. and Hoffmann, A. A.},
  title = {Genetic divergence under uniform selection. Different responses to
	selection for knockdown resistance to ethanol among \emph{Drosophila
	melanogaster} populations and their replicate lines},
  journal = {Genetics},
  volume = {114},
  pages = {145-163}
}

@ARTICLE{cohen_plos2004,
  author = {Cohen, J.~E.},
  title = {Mathematics is Biology's Next Microscope, Only Better; Biology is
	Mathematics' Next Physics, Only Better},
  journal = {PLoS Biol.},
  year = {2004},
  volume = {2},
  pages = {e439}
}

@ARTICLE{cohen_1949,
  author = {Cohen, S.~S.},
  title = {Growth requirements of bacterial viruses},
  journal = {Bacteriological Reviews},
  year = {1949},
  volume = {13},
  pages = {1--24}
}

@ARTICLE{constantino1997,
  author = {Constantino, R.~F. and Desharnais, R.~A. and Cushing, J.~M. and Dennis,
	B.},
  title = {Chaotic dynamics in an insect population},
  journal = {Science},
  year = {1997},
  pages = {389--91},
  optvolume = {275}
}

@ARTICLE{cooper_pnas2003,
  author = {Cooper, T.F. and Rozen, D.E. and Lenski, R.E.},
  title = {Parallel changes in gene expression after 20,0000 generations of
	evolution in \emph{Escherichia coli}},
  journal = {Proceedings of the National Academy of Sciences, USA},
  year = {2003},
  volume = {100},
  pages = {1072--7},
  optjournal = {Proc. Natl. Acad. Sci. USA}
}

@ARTICLE{cooper_nat2000,
  author = {Cooper, V.S. and Lenski, R.E.},
  title = {The population genetics of ecological specialization in evolving
	\emph{E. coli} populations},
  journal = {Nature},
  year = {2000},
  volume = {407},
  pages = {736--9}
}

@ARTICLE{court_jbact2007,
  author = {Court, D.L. and Oppenheim, A.B. and Adhya, S.L.},
  title = {A new look at bacteriophage $\lambda$ genetic networks},
  journal = {Journal of Bacteriology},
  year = {2007},
  volume = {189},
  pages = {298--304}
}

@ARTICLE{crawley2001,
  author = {Crawley, M.~J. and Harral, J.~E.},
  title = {Scale dependence in plant biodiversity},
  journal = {Science},
  year = {2001},
  volume = {291},
  pages = {864--8}
}

@ARTICLE{crawley1987,
  author = {Crawley, M.~J. and May, R.~M.},
  title = {Population dynamics and plant community structure: competition between
	annuals and perennials},
  journal = {J. Theor. Biol.},
  year = {1987},
  volume = {125},
  pages = {475--89}
}

@ARTICLE{cuddington_amnat2002,
  author = {Cuddington, K. and Yodzis, P.},
  title = {Predator-prey dynamics and movement in fractal environments},
  journal = {Am.~Nat.},
  year = {2002},
  volume = {160},
  pages = {119--134}
}

@ARTICLE{cuddington_tpb2000,
  author = {Cuddington, K. and Yodzis, P.},
  title = {Diffusion-limited predator-prey dynamics in {E}uclidean environments:
	an allometric individual-based model},
  journal = {Theor.~Pop.~Biol},
  year = {2000},
  volume = {58},
  pages = {259--278}
}

@ARTICLE{culley_sci2006,
  author = {Culley, A.~I. and Chan, A.~M. and Suttle, C.~A.},
  title = {Metagenomic analysis of coastal RNA virus communities},
  journal = {Science},
  year = {2006},
  volume = {312},
  pages = {1795--1798}
}

@BOOK{cushing1998a,
  title = {An Introduction to Structured Population Dynamics},
  publisher = {SIAM},
  year = {1998},
  author = {Cushing, J.~M.},
  address = {Philadelphia}
}

@ARTICLE{cushing1989,
  author = {Cushing, J.~M.},
  title = {A competition model for size-structured species},
  journal = {SIAM Journal on Applied Mathematics},
  year = {1989},
  volume = {49},
  pages = {838--58}
}

@ARTICLE{cushing1998b,
  author = {Cushing, J.~M. and Constantino, R.~F. and Dennis, R. and Desharnais,
	R.~A. and Henson, S.~M.},
  title = {Nonlinear population dynamics: models, experiments and data},
  journal = {J. Theor. Biol.},
  year = {1998},
  volume = {194},
  pages = {1--9}
}

@BOOK{darwin_1998,
  title = {The Origin of Species},
  publisher = {Oxford University Press},
  year = {1998},
  author = {Darwin, C.}
}

@BOOK{darwin1859,
  title = {Origin of the species},
  year = {1859},
  author = {Darwin, C.}
}

@ARTICLE{depaepe_plos2006,
  author = {De Paepe, M. and Taddei, F.},
  title = {Viruses' life history: towards a mechanistic basis of a trade-off
	between survival and reproduction among phages},
  journal = {PLoS Biology},
  year = {2006},
  volume = {4},
  pages = {e193}
}

@ARTICLE{dennis1995,
  author = {Dennis, R. and Desharnais, R.~A. and Cushing, J.~M. and Constantino,
	R.~F.},
  title = {Nonlinear demographic dynamics: mathematical models, statistical
	methods, and biological experiments},
  journal = {Ecological Monographs},
  year = {1995},
  volume = {65},
  pages = {261--81}
}

@ARTICLE{dercole_siamjapplmath2003,
  author = {Dercole, F. and Irisson, J. and Rinaldi, S.},
  title = {Bifurcation analysis of a prey-predator coevolution model},
  journal = {SIAM J. Appl. Math.},
  year = {2003},
  volume = {63},
  pages = {1378--91}
}

@ARTICLE{dieckmann_jtb1995,
  author = {Dieckman,, U. and Marrow, P. and Law, R.},
  title = {Evolutionary cycling in predator-prey interactions: population dynamics
	and the {R}ed {Q}ueen},
  journal = {J.~Theor.~Biol.},
  year = {1995},
  volume = {176},
  pages = {91--102},
  optjournal = {Journal of Theoretical Biology}
}

@INCOLLECTION{dieckmann_2002,
  author = {Dieckmann, U.},
  title = {Adaptive dynamics of pathogen-host interactions},
  booktitle = {Adaptive Dynamics of Infectious Diseases: In Pursuit of Virulence
	Mangagement},
  publisher = {Cambridge University Press},
  year = {2002},
  pages = {39--59},
  address = {Cambridge, UK},
  opteditor = {Dieckmann, U. and Metz, J.A.J. and Sabelis, M.W. and Sigmund, K}
}

@ARTICLE{dieckmann_nat1999,
  author = {Dieckmann, U. and Doebeli, M.},
  title = {On the origin of species by sympatric speciation},
  journal = {Nature},
  year = {1999},
  volume = {400},
  pages = {354--357}
}

@ARTICLE{dieckmann_jmb1996,
  author = {Dieckmann, U. and Law, R.},
  title = {The dynamical theory of coevolution: a derivation from stochastic
	ecological processes},
  journal = {J.~Math.~Biol.},
  year = {1996},
  volume = {34},
  pages = {579--612},
  optjournal = {Journal of Mathematical Biology}
}

@ARTICLE{dobzhansky1973,
  author = {Dobzhansky, T.},
  title = {Nothing in biology makes sense except in light of evolution},
  journal = {American Biology Teacher},
  year = {1973},
  volume = {35},
  pages = {125--129}
}

@ARTICLE{dodd_2005,
  author = {Dodd, I.B. and Shearwin, K.E. and Egan, J.B.},
  title = {Revisited gene regulation in bacteriophage $\lambda$},
  journal = {Current Opinion in Genetics and Development},
  year = {2005},
  volume = {15},
  pages = {145--152}
}

@ARTICLE{doebeli_jevo2005,
  author = {Doebeli, M. and Dieckmann, U.},
  title = {Adaptive dynamics as a mathematical tool for studying the ecology
	of speciation processes},
  journal = {J.~Evol.~Biol.},
  year = {2005},
  volume = {18},
  pages = {1194--1200},
  optjournal = {Journal of Evolutionary Biology}
}

@ARTICLE{doebeli_nat2003,
  author = {Doebeli, M. and Dieckmann, U.},
  title = {Speciation along environmental gradients},
  journal = {Nature},
  year = {2003},
  volume = {421},
  pages = {259--64}
}

@ARTICLE{doebeli_amnat2000,
  author = {Doebeli, M. and Dieckmann, U.},
  title = {Evolutionary branching and sympatric speciation caused by different
	types of ecological interactions},
  journal = {Am.~Nat.},
  year = {2000},
  volume = {156},
  pages = {S77--101}
}

@ARTICLE{drossel2001,
  author = {Drossel, B. and Higgs, P.G. and McKane, A.J.},
  title = {The influence of predator-prey population dynamics on the long-term
	evolution of food web structure},
  journal = {J. Theor. Biol.},
  year = {2001},
  volume = {208},
  pages = {91--107}
}

@ARTICLE{duffy_ecolett2007,
  author = {Duffy, M.A. and Sivars-Becker, L.},
  title = {Rapid evolution and ecological host-parasite dynamics},
  journal = {Ecology Letters},
  year = {2007},
  volume = {10},
  pages = {44--53}
}

@ARTICLE{durinx_2008,
  author = {Durinx, M. and Metz, J.A.J. and Mesz\'{e}na, G.},
  title = {Adaptive dynamics for physiologically structured population models},
  journal = {Journal of Mathematical Biology},
  year = {2008},
  volume = {56},
  pages = {673--742}
}

@ARTICLE{durrett1996,
  author = {Durrett, R. and Levin, S.},
  title = {Spatial aspects of interspecific competition},
  journal = {Theor. Pop. Biol.},
  year = {1998},
  volume = {53},
  pages = {30--43}
}

@ARTICLE{dybdahl_evo1998,
  author = {Dybdahl, M.F. and Lively, C.M.},
  title = {Host-parasite coevolution: evidence for rare advantage and time-lagged
	selection in a natural population},
  journal = {Evolution},
  year = {1998},
  volume = {52},
  pages = {1057--66}
}

@ARTICLE{dybdahl_tee2003,
  author = {Dybdahl, M.F. and Storfer, A.},
  title = {Parasite local adaptation: {R}ed {Q}ueen versus {S}uicide {K}ing},
  journal = {Trends in Ecology and Evolution},
  year = {2002},
  volume = {18},
  pages = {523--30},
  optjournal = {Trends Ecol. Evol.}
}

@ARTICLE{dykhuizen_gen2004,
  author = {Dykhuizen, D.E. and Dean, A.M.},
  title = {Evolution of specialists in an experimental microcosm},
  journal = {Genetics},
  year = {2004},
  volume = {167},
  pages = {2015--26}
}

@ARTICLE{dynkin_annprob1991,
  author = {Dynkin, E.B.},
  title = {Branching particle-systems and superprocesses},
  journal = {Ann. Prob.},
  year = {1991},
  volume = {19},
  pages = {1157--94}
}

@ARTICLE{earl_pnas2004,
  author = {Earl, S.~F. and Deem, M.~W.},
  title = {Evolvability is a selectable trait},
  journal = {Proceedings of the National Academy of Sciences, USA},
  year = {2004},
  volume = {101},
  pages = {11531--6},
  optjournal = {Proc.~Natl.~Acad.~Sci.~USA}
}

@ARTICLE{earn2002,
  author = {Earn, D.J.D. and Dushoff, J. and Levin, S.A.},
  title = {Ecology and evolution of the flu},
  journal = {Trends Ecol.~Evol.},
  year = {2002},
  volume = {17},
  pages = {334--40}
}

@ARTICLE{edwards_jrss1970,
  author = {Edwards, A.W.F.},
  title = {Estimation of the branch points of a branching diffusion process},
  journal = {J. Roy. Stat. Soc. B.},
  year = {1970},
  volume = {32},
  pages = {155--74}
}

@ARTICLE{edwards_nat2005,
  author = {Edwards, R.A. and Rohwer, F.},
  title = {Viral metagenomics},
  journal = {Nature Reviews in Microbiology},
  year = {2005},
  volume = {3},
  pages = {504--510}
}

@ARTICLE{egas_amnat2004,
  author = {Egas, M. and Dieckmann, U. and Sabelis, M.W.},
  title = {Evolution restricts the coexistence of specialists and generalists:
	the role of trade-off structure},
  journal = {American Naturalist},
  year = {2004},
  volume = {163},
  pages = {518--31}
}

@ARTICLE{eigen_achemphys1989,
  author = {Eigen, M. and McCaskill, J. and Schuster, P.},
  title = {The molecular quasi-species},
  journal = {Adv. Chem. Phys.},
  year = {1989},
  volume = {75},
  pages = {149--263}
}

@ARTICLE{eisen_sci2003,
  author = {Eisen, J.A. and Fraser, C.M.},
  title = {Phylogenomics: intersection of evolution and genomics},
  journal = {Science},
  year = {2003},
  volume = {300},
  pages = {1706--1707}
}

@ARTICLE{elena_2003,
  author = {Elena, S.F. and Lenski, R.E.},
  title = {Evolution experiments with microorganisms: the dynamics and genetic
	bases of adaptation},
  journal = {Nature Reviews Genetics},
  year = {2003},
  volume = {4},
  pages = {457--469}
}

@ARTICLE{erwin1994,
  author = {Erwin, D.H.},
  title = {Early introduction of major morphological innovations},
  journal = {Acta Palaeontologica Polonica},
  year = {1994},
  volume = {38},
  pages = {281--94}
}

@ARTICLE{erwin1987,
  author = {Erwin, D.H. and Valentine, J.W. and Sepkoski, J.J.},
  title = {A comparative study of diversification events: the early Paleozoic
	versus the Mesozoic},
  journal = {Evolution},
  year = {1987},
  volume = {41},
  pages = {1177--86}
}

@ARTICLE{essah_1988,
  author = {Essah, W.A. and Delves, L.M.},
  title = {On the numerical inversion of the {L}aplace transform},
  journal = {Inverse Problems},
  year = {1988},
  volume = {4},
  pages = {705-724},
  number = {3},
  abstract = {The authors describe a method for the numerical inversion of the Laplace
	transform which is based on the cross-validation Galerkin technique.
	The method requires values of the transform F(p) only for real p,
	and appears relatively robust in practice; they illustrate its performance
	with a number of numerical examples.},
  url = {http://stacks.iop.org/0266-5611/4/705}
}

@BOOK{feller1971,
  title = {An Introduction to Probability Theory and Its Applications},
  publisher = {Wiley},
  year = {1971},
  author = {Feller, W.},
  volume = {2},
  address = {New York},
  edition = {2nd},
  optpages = {342}
}

@BOOK{feller1968,
  title = {An Introduction to Probability Theory and Its Applications},
  publisher = {Wiley},
  year = {1968},
  author = {Feller, W.},
  volume = {1},
  address = {New York},
  optedition = {3rd},
  optpages = {342}
}

@ARTICLE{felsenstein1988,
  author = {Felsenstein, J.},
  title = {Phylogenies and quantitative characters},
  journal = {Ann. Rev. Ecol. Syst.},
  year = {1988},
  volume = {19},
  pages = {445--71}
}

@ARTICLE{felsenstein1985,
  author = {Felsenstein, J.},
  title = {Phylogenies and the comparative method},
  journal = {Am. Nat.},
  year = {1985},
  volume = {125},
  pages = {1--15}
}

@ARTICLE{fenchel_1988,
  author = {Fenchel, T.P.},
  title = {Marine plankton food chains},
  journal = {Ann.~Rev.~Ecol.~Syst.},
  year = {1988},
  volume = {19},
  pages = {19--38}
}

@BOOK{fetter1971,
  title = {Quantum Theory of Many-Particle Systems},
  publisher = {McGraw-Hill},
  year = {1971},
  author = {Fetter, A.L. and Walecka, J.D.},
  address = {New York}
}

@BOOK{fisher_book1958,
  title = {The Genetical Theory of Natural Selection},
  publisher = {Dover},
  year = {1958},
  author = {Fisher, R.~A.},
  address = {New York},
  edition = {2nd}
}

@INCOLLECTION{vonfoerster1959,
  author = {von Foerster, H.},
  title = {Some remarks on changing populations},
  booktitle = {The Kinetics of Cellular Proliferation},
  publisher = {Grune and Stratton},
  year = {1959},
  editor = {Stohlman, F.},
  address = {New York}
}

@ARTICLE{foote1990,
  author = {Foote, M.},
  title = {Nearest-neighbor analysis of trilobite morphospace},
  journal = {Systematic Zoology},
  year = {1990},
  volume = {39},
  pages = {371--82}
}

@ARTICLE{forde_nature2004,
  author = {Forde, S.~E. and Thompson, J.~N. and Bohannan, B.~J.~M.},
  title = {Adaptation varies through space and time in a coevolving host-parasitoid
	interaction},
  journal = {Nature},
  year = {2004},
  volume = {431},
  pages = {841--4}
}

@ARTICLE{fort_prl2002,
  author = {Fort, J. and M\'{e}ndez, V.},
  title = {Time-delayed spread of viruses in growing plaques},
  journal = {Phys. Rev. Lett.},
  year = {2002},
  volume = {89},
  pages = {178101}
}

@ARTICLE{fuhrman_nat1999,
  author = {Fuhrman, J.~A.},
  title = {Marine viruses and their biogeochemical and ecological effects},
  journal = {Nature},
  year = {1999},
  volume = {399},
  pages = {541--548}
}

@BOOK{gause1934a,
  title = {The Struggle for Existence},
  publisher = {Wilkins and Wilkins},
  year = {1934},
  author = {Gause, G.~F.},
  address = {Baltimore, MD}
}

@ARTICLE{gause1934b,
  author = {Gause, G.~F.},
  title = {Experimental analysis of {V}ito {V}olterra's mathematical theory
	of the struggle for existence},
  journal = {Science},
  year = {1934},
  volume = {79},
  pages = {16-7}
}

@BOOK{gavrilets_book2004,
  title = {Fitness Landscapes and the Origin of Species},
  publisher = {Princeton University Press},
  year = {2004},
  author = {Gavrilets, S.},
  address = {Princeton, NJ}
}

@ARTICLE{gehring_1987,
  author = {Gehring, K. and Charbit, A. and Brissaud, E. and Hofnung, M.},
  title = {Bacteriophage $\lambda$ receptor site on the \emph{Escherichia coli}
	{K}-12 {L}am{B} Protein},
  journal = {Journal of Bacteriology},
  year = {1987},
  volume = {169},
  pages = {2103--6},
  optjournal = {J. Bacteriol.}
}

@ARTICLE{gerber2003,
  author = {Gerber, L.R. and et al.},
  title = {Population models for marine reserve design: a retrospective and
	prospective synthesis},
  journal = {Ecol. Appl.},
  year = {2003},
  volume = {13},
  pages = {S47--S64}
}

@ARTICLE{geritz_jmb2004,
  author = {Geritz, S.~A.~H.},
  title = {Resident-invader dynamics and the coexistence of similar strategies},
  journal = {J.~Math.~Biol.},
  year = {2004},
  volume = {50},
  pages = {67--82},
  optjournal = {Journal of Mathematical Biology}
}

@ARTICLE{geritz_jevo2005,
  author = {Geritz, S.~A.~H. and Gyllenberg, M.},
  title = {Seven answers from adaptive dynamics},
  journal = {J.~Evol.~Biol.},
  year = {2005},
  volume = {18},
  pages = {1174--1177},
  optjournal = {Journal of Evolutionary Biology}
}

@ARTICLE{geritz_evoeco1998,
  author = {Geritz, S.~A.~H. and Kisdi, E. and Mesz\'{e}na, G. and Metz, J.~A.~J.},
  title = {Evolutionarily singular strategies and the adaptive growth and branching
	of the evolutionary tree},
  journal = {Evol.~Ecol.~},
  year = {1998},
  volume = {12},
  pages = {35--57},
  optjournal = {Evolutionary Ecology}
}

@ARTICLE{geritz_prl1997,
  author = {Geritz, S.~A.~H. and Metz, J.~A.~J. and Kisdi, E. and Mesz\'{e}na,
	G.},
  title = {The dynamics of adaptation and evolutionary branching},
  journal = {Phys.~Rev.~Lett.},
  year = {1997},
  volume = {78},
  pages = {2024--2027},
  optjournal = {Physical Review Letters}
}

@ARTICLE{geritz_jmb2002,
  author = {Geritz, S.A.H. and Gyllenberg, M. and Jacobs, F.J.A. and Parvinen,
	K.},
  title = {Invasion dynamics and attractor inheritance},
  journal = {Journal of Mathematical Biology},
  year = {2002},
  volume = {44},
  pages = {548--560}
}

@ARTICLE{gill_sci2006,
  author = {Gill, S.R. and Pop, M. and DeBoy, R.T. and Eckburg, P.B. and Turbbaugh,
	P. and Samuel, B.S. and Gordon, J.I. and Relman, D.A. and Fraser,
	C.M. and Nelson, K.E.},
  title = {Metagenomic analysis of the human gut microbiome},
  journal = {Science},
  year = {2006},
  volume = {312},
  pages = {1355--1359}
}

@ARTICLE{Gillespie,
  author = {Daniel Gillespie},
  title = {Exact Stochastic Simulation of Coupled Chemical Reactions},
  journal = {Journal of Physical Chemistry},
  year = {1977},
  volume = {81.25},
  pages = {2340-2361}
}

@ARTICLE{gilpin1979,
  author = {Gilpin, M.~E.},
  title = {Spiral chaos in a predator-prey system},
  journal = {American Naturalist},
  year = {1979},
  volume = {113},
  pages = {306--8}
}

@BOOK{gimmett_book1999,
  title = {Percolation},
  publisher = {Springer},
  year = {1999},
  author = {Gimmett, G.},
  address = {Berlin}
}

@ARTICLE{glasser1982,
  author = {Glasser, J.~W. and Price, H.~J.},
  title = {Niche theory: new insights from an old paradigm},
  journal = {J. Theor. Biol.},
  year = {1982},
  volume = {99},
  pages = {437--60}
}

@ARTICLE{goel1971,
  author = {Goel, N.~S. and Maitra, S.~C. and Montroll, E.~W.},
  title = {On the {V}olterra and other nonlinear models of interacting populations},
  journal = {Reviews of Modern Physics},
  year = {1971},
  volume = {43},
  pages = {231--276}
}

@ARTICLE{goldberger_pnas2002,
  author = {Goldberger, A.~L. and Amaral, L.~A.~N. and Hausdorff, J.~M. and Ivanov,
	P.~Ch. and Peng, C.~K. and Stanley, H.~E.},
  title = {Fractal dynamics in physiology: alterations with disease and aging},
  journal = {Proc.~Natl.~Acad.~Sci.~USA},
  year = {2002},
  volume = {19},
  pages = {99}
}

@BOOK{gould1989,
  title = {Wonderful Life. The Burgess Shale and the Nature of History},
  publisher = {W.W. Norton \& Co.},
  year = {1989},
  author = {Gould, S.J.},
  address = {New York, NY}
}

@BOOK{gurney1998,
  title = {Ecological Dynamics},
  publisher = {Oxford University Press},
  year = {1998},
  author = {Gurney, W.~S.~C. and Nisbet, R.~M.},
  address = {New York, Oxford}
}

@ARTICLE{gurney2001,
  author = {Gurney, W.~S.~C. and Speirs, D.~C. and Wood, S.~N. and Clarke, E.~D.
	and Heath, M.~R.},
  title = {Simulating spatially and physiologically structured populations},
  journal = {Journal of Animal Ecology},
  year = {2001},
  volume = {70},
  pages = {881--94}
}

@ARTICLE{hairston_2005,
  author = {Hairston, N.G. and Ellner, S.P. and Geber, M.A. and Yoshida, T. and
	Fox, J.A.},
  title = {Rapid evolution and the convergence of ecological and evolutionary
	time},
  journal = {Ecology Letters},
  year = {2005},
  volume = {8},
  pages = {1114-1127}
}

@ARTICLE{hansen_evo1996,
  author = {Hansen, T.F. and Martins, E.P.},
  title = {Translating between microevolutionary process and macroevolutionary
	patterns: the correlation structure of interspecific data},
  journal = {Evolution},
  year = {1996},
  volume = {50},
  pages = {1404--17}
}

@BOOK{hanski1999,
  title = {Metapopulation ecology},
  publisher = {Oxford University Press},
  year = {1999},
  author = {Hanski, I.},
  series = {Oxford Series in Ecology and Evolution},
  address = {Oxford, UK}
}

@ARTICLE{hanski1994,
  author = {Hanski, I.},
  title = {A practical model of metapopulation dynamics},
  journal = {J. Anim. Ecol.},
  year = {1994},
  volume = {63},
  pages = {151--62}
}

@ARTICLE{hara1984a,
  author = {Hara, T.},
  title = {A stochastic model and the moment dynamics of the growth and size
	distribution in plant populations},
  journal = {J. Theor. Biol.},
  year = {1984},
  volume = {109},
  pages = {173--190}
}

@ARTICLE{hara1984b,
  author = {Hara, T.},
  title = {Dynamics of stand structure in plant monocultures},
  journal = {J. Theor. Biol.},
  year = {1984},
  volume = {110},
  pages = {223--9}
}

@BOOK{harris_book1963,
  title = {The Theory of Branching Processes},
  publisher = {Springer-Verlag},
  year = {1963},
  author = {Harris, T.E.},
  address = {Berlin}
}

@ARTICLE{harrison1995,
  author = {Harrison, G.~W.},
  title = {Comparing predator-prey models to {L}uckinbill's experiment with
	\emph{{D}idinium} and \emph{{P}aramecium}},
  journal = {Ecology},
  year = {1995},
  volume = {76},
  pages = {357--74}
}

@BOOK{hartl_book,
  title = {Principles of Population Genetics},
  publisher = {Sinauer Associates},
  year = {2007},
  author = {Hartl, D.L. and Clark, A.G.},
  address = {Sunderland, MA, USA},
  edition = {4th}
}

@ARTICLE{hartman_science2001,
  author = {Hartman, J.L. and Garvik, B. and Hartwell, L.},
  title = {Cell biology - principles for the buffering of genetic variation},
  journal = {Science},
  year = {2001},
  volume = {291},
  pages = {1001--4}
}

@ARTICLE{harvey_evo1994,
  author = {Harvey, P.H. and May, R.M. and Nee, S.},
  title = {Phylogenies without fossils},
  journal = {Evolution},
  year = {1994},
  volume = {48},
  pages = {523--9}
}

@ARTICLE{haskell2002,
  author = {Haskell, J.~P. and Ritchie, M.~E. and Olff, H.},
  title = {Fractal geometry predicts varying body size scaling relationships
	for mammal and bird home ranges},
  journal = {Nature},
  year = {2002},
  volume = {415},
  pages = {901--5}
}

@ARTICLE{haywood_1974,
  author = {Haywood, A.~M.},
  title = {Lysis of {RNA} phage-infected cells depends upon culture conditions},
  journal = {Journal of General Virology},
  year = {1974},
  volume = {22},
  pages = {431--435}
}

@ARTICLE{herskowitz1980,
  author = {Herskowitz, I. and Hagen, D.},
  title = {The lysis-lysogeny decision of phage $\lambda$: explicit programming
	and responsiveness},
  journal = {Annual Review of Genetics},
  year = {1980},
  volume = {14},
  pages = {399--445}
}

@ARTICLE{Hill1982,
  author = {Hill, W.G.},
  title = {Predictions of response to artifical selection from new mutations},
  journal = {Genetical Research},
  year = {1982},
  volume = {40},
  pages = {255-278}
}

@BOOK{hofbauer_book1998,
  title = {Evolutionary Games and Population Dynamics},
  publisher = {Cambridge University Press},
  year = {1998},
  author = {Hofbauer, J. and Sigmund, K.},
  address = {Cambridge, U.K.}
}

@ARTICLE{hoffman_2007,
  author = {Hoffman et al., K.H.},
  title = {Power law rank-abundance models for marine phage communities},
  journal = {FEMS Microbiological Letters},
  year = {2007},
  volume = {273},
  pages = {224--228}
}

@ARTICLE{holmes_2002,
  author = {Holmes, E.C. and Moya, A.},
  title = {Is the quasispecies concept relevant to {RNA} viruses?},
  journal = {Journal of Virology},
  year = {2002},
  volume = {76},
  pages = {460--462}
}

@ARTICLE{holt2002,
  author = {Holt, R.D.},
  title = {Food webs in space: on the interplay of dynamic and spatial processes},
  journal = {Ecological Research},
  year = {2002},
  volume = {17},
  pages = {261--73}
}

@ARTICLE{horne_sci1970,
  author = {Horne, M.T.},
  title = {Coevolution of Escherichia coli and bacteriophages in chemostat culture},
  journal = {Science},
  year = {1970},
  volume = {168},
  pages = {992--3}
}

@ARTICLE{houch2002,
  author = {Houchmandzadeh, B.},
  title = {Clustering of diffusing organisms},
  journal = {Phys. Rev. E},
  year = {2002},
  volume = {66},
  pages = {052902}
}

@BOOK{hubbell2001,
  title = {The Unified Neutral Theory of Biodiversity and Biogeography},
  publisher = {Princeton University Press},
  year = {2001},
  author = {Hubbell, S.~P.},
  number = {32},
  series = {Monographs in population biology},
  address = {Princeton, NJ}
}

@INBOOK{hubbell2001fig5.13,
  pages = {142},
  title = {The Unified Neutral Theory of Biodiversity and Biogeography},
  publisher = {Princeton University Press},
  year = {2001},
  author = {Hubbell, S.~P.},
  number = {32},
  series = {Monographs in population biology},
  address = {Princeton, NJ}
}

@ARTICLE{hughes2001,
  author = {Hughes, J.B. and Hellmann, J.J. and Ricketts, T.H. and Bohannnan,
	B.J.M.},
  title = {Counting the uncountable: statistical approaches to estimating microbial
	diversity},
  journal = {Applied and Environmental Microbiology},
  year = {2001},
  volume = {67},
  pages = {4399--406},
  optjournal = {Appl. Env. Microb.}
}

@ARTICLE{hutchinson1961,
  author = {Hutchinson, G.E.},
  title = {The paradox of the plankton},
  journal = {American Naturalist},
  year = {1961},
  volume = {95},
  pages = {137--45}
}

@ARTICLE{hutchinson1959,
  author = {Hutchinson, G.~E.},
  title = {Homage to {S}anta {R}osalia, or why are there so many kinds of animals?},
  journal = {American Naturalist},
  year = {1959},
  volume = {93},
  pages = {254--9}
}

@INPROCEEDINGS{hutchinson1957,
  author = {Hutchinson, G.~E.},
  title = {Concluding remarks},
  booktitle = {Population studies: animal ecology and demography},
  year = {1957},
  volume = {22},
  series = {Cold Spring Harbor Symposia on Quantitative Biology},
  pages = {415--27}
}

@BOOK{jagers_book1975,
  title = {Branching Processes with Biological Applications},
  publisher = {John Wiley \& Sons},
  year = {1975},
  author = {Jagers, P.},
  address = {London}
}

@ARTICLE{jensen_pnas2006,
  author = {Jensen, M.A. and Faruque, S.M. and Mekalanos, J.J. and Levin, B.R.},
  title = {Modeling the role of bacteriophage in the control of cholera outbreaks},
  journal = {Proceedings of the National Academy of Sciences, USA},
  year = {2006},
  volume = {103},
  pages = {4652--4657}
}

@ARTICLE{jernvall1996,
  author = {Jernvall, J. and Hunter, J.P. and Fortelius, M.},
  title = {Molar tooth diversity, disparity, and ecology in cenozoic ungulate
	radiations },
  journal = {Science},
  year = {1996},
  volume = {275},
  pages = {1489--92}
}

@ARTICLE{jiang_amnat2005,
  author = {Jiang, L. and Schofield, O. and Falkowski, P.G.},
  title = {Adaptive evolution of phytoplankton cell size},
  journal = {Am.~Nat},
  year = {in press},
  optnote = {in press}
}

@BOOK{judson_book1979,
  title = {The Eighth Day of Creation},
  publisher = {Simon \& Schuster},
  year = {1979},
  author = {Judson, H.~B.},
  address = {New York}
}

@BOOK{vankampen_book2001,
  title = {Stochastic Processes in Physics and Chemistry},
  publisher = {Elsevier Science},
  year = {2001},
  author = {van Kampen, N.G.}
}

@ARTICLE{kapovich_2000,
  author = {Kapovich, M. and Millson, J. and Treloar, T.},
  title = {The symplectic geometry of polygons in hyperbolic 3-space},
  journal = {Asian J. Math.},
  year = {2000},
  volume = {4},
  pages = {123--164}
}

@ARTICLE{kendall_ams1948,
  author = {Kendall, D.G.},
  title = {On the generalized ``birth and death'' process},
  journal = {Annals of Mathematical Statistics},
  year = {1948},
  volume = {19},
  pages = {1--15}
}

@ARTICLE{kerr_nature2006,
  author = {Kerr, B. and Neuhauser, C. and Bohannan, B.J.M. and Dean, A.M.},
  title = {Local migration promotes competitive restrain in a host-pathogen
	'tragedy of the commons'},
  journal = {Nature},
  year = {2006},
  volume = {442},
  pages = {75--78}
}

@ARTICLE{kerr_nat2002,
  author = {Kerr, B. and Riley, M.A. and Feldman, M.W. and Bohannan, B.J.M.},
  title = {Local dispersal promotes biodiversity in a real-life game of rock-paper-scissors},
  journal = {Nature},
  year = {2002},
  volume = {418},
  pages = {171--174}
}


@ARTICLE{kimura1968,
  author = {Motoo Kimura},
  title = {Evolutionary rate at the molecular level},
  journal = {Nature},
  year = {1968},
  volume = {217},
  pages = {624--626}
}




@BOOK{kimura_book1984,
  title = {The neutral theory of molecular evolution},
  publisher = {Cambridge University Press},
  year = {1984},
  author = {Kimura, M.},
  address = {Cambridge, UK}
}

@ARTICLE{klausmeier_nat2004,
  author = {Klausmeier, C.A. and Litchman, E. and Daufresne, T. and Levin, S.A.},
  title = {Optimal nitrogen-to-phosphorus stoichiometry of phytoplankton},
  journal = {Nature},
  year = {2004},
  volume = {429},
  pages = {171--174}
}

@ARTICLE{kobiler2005,
  author = {Kobiler, O. and Rokney, A. and Court, D.L. and Stavans, J. and Oppenheim,
	A.B.},
  title = {Quantitative kinetic analysis of the bacteriophage $\lambda$ genetic
	network},
  journal = {Proceedings of the National Academy of Sciences, USA},
  year = {2005},
  volume = {102},
  pages = {4470--4475},
  optjournal = {Proc.~Natl.~Acad.~Sci.~USA}
}

@ARTICLE{kobiler_2007,
  author = {Kobiler, O. and Rokney, A. and Oppenheim, A.B.},
  title = {Phage lambda {CIII}: a protease inhibitor regulating the lysis-lysogeny
	decision},
  journal = {PLoS One},
  year = {2007},
  volume = {2},
  pages = {e363}
}

@ARTICLE{kohyama1991,
  author = {Kohyama, T.},
  title = {Simulating stationary size distribution of trees in rain forests},
  journal = {Annals of Botany},
  year = {1991},
  volume = {68},
  pages = {173--80}
}

@BOOK{kooijman2000,
  title = {Dynamic Energy and Mass Budgets in Biological Systems},
  publisher = {Cambridge University Press},
  year = {2000},
  author = {Kooijman, S.~A.~L.},
  address = {Cambridge}
}

@ARTICLE{kourilsky_1973,
  author = {Kourilsky, P.},
  title = {Lysogenization by bacteriophage-lambda 1. {M}ultiple infection and
	lysogenic response},
  journal = {Molecular and General Genetics},
  year = {1973},
  volume = {122},
  pages = {183--195}
}

@ARTICLE{kuparinen_2007,
  author = {Kuparinen, A. and Merila, J.},
  title = {Detecting and managing fisheries-induced evolution},
  journal = {Trends in Ecology and Evolution},
  year = {20007},
  volume = {22},
  pages = {652--659}
}

@ARTICLE{kurtz_1971,
  author = {Kurtz, T.G.},
  title = {Limit theorems for sequences of jump {M}arkov processes approximating
	ordinary differential equations},
  journal = {Journal of Applied Probability},
  year = {1971},
  volume = {8},
  pages = {344--356}
}

@ARTICLE{Lande79,
  author = {R. Lande},
  title = {quantitative genetic analysis of multivariate evolution, applied
	to brain: body size allometry},
  journal = {Evolution},
  year = {1979},
  volume = {33},
  pages = {402-416}
}

@ARTICLE{lande_1983,
  author = {R. Lande and S. J. Arnold},
  title = {The measurement of selection on correlated characters},
  journal = {Evolution},
  year = {1983},
  volume = {37},
  pages = {1210-1226}
}

@BOOK{legall_book1999,
  title = {Spatial Branching Processes, Random Snakes, and Partial Differential
	Equations},
  publisher = {Birkauser Verlag},
  year = {1999},
  author = {Le Gall, J.},
  address = {Basel}
}

@ARTICLE{lee_nat1996,
  author = {Lee, Y. and Yin, J.},
  title = {Detection of evolving viruses},
  journal = {Nat. Biotech.},
  year = {1996},
  volume = {14},
  pages = {491--493}
}

@ARTICLE{leibold1995,
  author = {Leibold, M.~A.},
  title = {The niche concept revisited: mechanistic models and community context},
  journal = {Ecology},
  year = {1995},
  volume = {76},
  pages = {1371--82}
}

@INCOLLECTION{leimar_inpress,
  author = {Leimar, O.},
  title = {Multidimensional convergence stability and the canonical adaptive
	dynamics},
  booktitle = {Elements of Adaptive Dynamics},
  publisher = {Cambridge University Press},
  year = {in press},
  editor = {Dieckmann, U. and Metz, J.A.J.},
  address = {Cambridge, UK}
}

@ARTICLE{lenski_jtb1984,
  author = {Lenski, R.E.},
  title = {Coevolution of bacteria and phage: are there endless cycles of bacterial
	defenses and phage counterdefenses?},
  journal = {Journal of Theoretical Biology},
  year = {1984},
  volume = {108},
  pages = {319--25}
}

@ARTICLE{lenski_amnat1985,
  author = {Lenski, R.E. and Levin, B.R.},
  title = {Constraints on the coevolution of bacteria and virulent phage: a
	model, some experiments, and predictions for natural communities},
  journal = {American Naturalist},
  year = {1985},
  volume = {125},
  pages = {585--602},
  optjournal = {Am. Nat.}
}

@ARTICLE{lenski_ame1988,
  author = {Lenski, R.~E.},
  title = {Dynamics of interactions between bacteria and virulent bacteriophage},
  journal = {Advances in Microbial Ecology},
  year = {1988},
  volume = {10},
  pages = {1--44}
}

@ARTICLE{lenski_nature1999,
  author = {Lenski, R.~E. and Ofria, C. and Collier, T.~C. and Adami, C.},
  title = {Genome complexity, robustness and genetic interactions in digital
	organisms},
  journal = {Nature},
  year = {1999},
  volume = {400},
  pages = {618--9}
}

@ARTICLE{levin_nature2004,
  author = {Levin, B.R. and Bull, J.J.},
  title = {Population and evolutionary dynamics of phage therapy},
  journal = {Nature Reviews Microbiology},
  year = {2004},
  volume = {2},
  pages = {166--73}
}

@ARTICLE{levin_pnas2000,
  author = {Levin, B.~R. and Bergstrom, C.~T.},
  title = {Bacteria are different: observations, interpretations, speculations,
	and opinions about the mechanisms of adaptive evolution in prokaryotes},
  journal = {Proceedings of the National Academy of Sciences, USA},
  year = {2000},
  volume = {97},
  pages = {6981--5}
}

@ARTICLE{levin_amnat1977,
  author = {Levin, B.~R. and Stewart, F.~M. and Chao, L.},
  title = {Resource-limited growth, competition, and predation: a model and
	experimental studies with bacteria and bacteriophage},
  journal = {American Naturalist},
  year = {1977},
  volume = {111},
  pages = {3--24}
}

@ARTICLE{levin_cas2003,
  author = {Levin, S.A.},
  title = {Complex adaptive systems: exploring the known, the unknown and the
	unknowable},
  journal = {Bulletin of the American Mathematical Society},
  year = {2003},
  volume = {40},
  pages = {3--19}
}

@ARTICLE{levin1992,
  author = {Levin, S.~A.},
  title = {The problem of pattern and scale in ecology},
  journal = {Ecology},
  year = {1992},
  volume = {73},
  pages = {1943--67}
}

@ARTICLE{levins1969,
  author = {Levins, R.},
  title = {Some demographic and genetic consequences of environmental heterogeneity
	for biological control},
  journal = {Bulletin of the Entomological Society of America},
  year = {1969},
  volume = {15},
  pages = {237--40}
}

@ARTICLE{levins1971,
  author = {Levins, R. and Culver, D.},
  title = {Regional coexistence of species and competition between rare species},
  journal = {Proc. Natl. Acad. Sci. USA},
  year = {1971},
  volume = {6},
  pages = {1246--8}
}

@BOOK{lewis_book1925,
  title = {Arrowsmith},
  publisher = {Harcourt and Brace},
  year = {1925},
  author = {Lewis, S.},
  address = {New York}
}

@ARTICLE{lindell_pnas2004,
  author = {Lindell, D.~L. and Sullivan, M.~B. and Johnson, Z.~I. and Tolonen,
	A. and Rohwer, F. and Chisholm, S.~W.},
  title = {Transfer of photosynthetic genes to and from \emph{Prochlorococcus}
	viruses},
  journal = {Proc. Natl. Acad. Sci. USA},
  year = {2004},
  volume = {101},
  pages = {11013-11018}
}

@ARTICLE{little_pnas2005,
  author = {Little, J.W.},
  title = {Threshold effects in gene regulation: {W}hen some is not enough},
  journal = {Proceedings of the National Academy of Sciences USA},
  year = {2005},
  volume = {102},
  pages = {5310-5311}
}

@ARTICLE{loreau1999,
  author = {Loreau, M. and Mouquet, N.},
  title = {Immigration and the maintenance of local species diversity},
  journal = {Am. Nat.},
  year = {1999},
  volume = {154},
  pages = {427--40}
}

@BOOK{lotka1925,
  title = {Elements of Physical Biology},
  publisher = {Dover Publications Inc.},
  year = {1925},
  author = {Lotka, A.},
  address = {New York},
  edition = {Reprinted 1956}
}

@ARTICLE{luria_gen1943,
  author = {Luria, S.E. and Delbr\"{u}ck, M.},
  title = {Mutations of bacteria from virus sensitivity to virus resistance},
  journal = {Genetics},
  year = {1943},
  volume = {28},
  pages = {491--511}
}

@ARTICLE{lynch_pnas2007,
  author = {Lynch, M.},
  title = {The frailty of adaptive hypotheses for the origins of organismal
	complexity},
  journal = {Proceedings of the National Academy of Sciences, USA},
  year = {2007},
  volume = {104},
  pages = {8597--8604}
}

@ARTICLE{lynch1990,
  author = {Lynch, M.},
  title = {The rate of phenotypic evolution in mammals from the standpoint of
	neutral expectation},
  journal = {Am. Nat.},
  year = {1990},
  volume = {136},
  pages = {727--41}
}

@ARTICLE{lythgoe_ecolett2003,
  author = {Lythgoe, K.~A. and Chao, L.},
  title = {Mechanisms of coexistence of a bacteria and a bacteriophage in a
	spatially homogeneous environment},
  journal = {Ecology Letters},
  year = {2003},
  volume = {6},
  pages = {326--334}
}

@ARTICLE{MacArthurPianka,
  author = {Robert MacArthur and Eric Pianka},
  title = {An optimal use of a patchy environment},
  journal = {The American Naturalist},
  year = {1966},
  volume = {100},
  pages = {603},
  number = {916}
}

@ARTICLE{macarthur1960,
  author = {MacArthur, R.~H.},
  title = {On the relative abundance of species},
  journal = {American Naturalist},
  year = {1960},
  volume = {94},
  pages = {25--36}
}

@ARTICLE{macarthur1957,
  author = {MacArthur, R.~H.},
  title = {On the relative abundance of bird species},
  journal = {Proc. Natl. Acad. Sci.},
  year = {1957},
  volume = {43},
  pages = {293--5}
}

@BOOK{macarthur1967,
  title = {The Theory of Island Biogeography},
  publisher = {Princeton University Press},
  year = {1967},
  author = {MacArthur, R.~H. and Wilson, E~.O.},
  address = {Princeton, NJ}
}

@ARTICLE{mann_plos2005,
  author = {Mann, N.H.},
  title = {The third age of phage},
  journal = {PLoS Biol.},
  year = {2005},
  volume = {3},
  pages = {e182}
}

@ARTICLE{marrow_jmb1996,
  author = {Marrow, P. and Dieckmann, U. and Law, R.},
  title = {Evolutionary dynamics of predator-prey systems: an ecological perspective},
  journal = {Journal of Mathematical Biology},
  year = {1996},
  volume = {34},
  pages = {556--78}
}

@ARTICLE{martirenom2000,
  author = {Marti-Renom, M.A. and Stuary, A.C. and Fiser, A. and Sanchez, R.
	and Melo, F. and Sali, A.},
  title = {Comparative protein structure modeling of genes and genomes},
  journal = {Ann.~Rev.~Biophys.~Biomolec.~Struct.},
  year = {2000},
  volume = {29},
  pages = {291--325}
}

@ARTICLE{martins1994,
  author = {Martins, E.P.},
  title = {Estimating the rate of phenotypic evolution from comparative data},
  journal = {Am. Nat.},
  year = {1994},
  volume = {144},
  pages = {192--209}
}

@ARTICLE{matessi_jmb1996,
  author = {Matessi, C. and Di Pasquale, C.},
  title = {Long term evolution of multi-locus traits},
  journal = {Journal of Mathematical Biology},
  year = {1996},
  volume = {34},
  pages = {613--53}
}

@ARTICLE{mattis1998,
  author = {Mattis, D.C. and Glasser, M.L.},
  title = {The uses of quantum field theory in diffusion-limited reactions},
  journal = {Rev. Mod. Phys.},
  year = {1998},
  volume = {70},
  pages = {979--1001}
}

@ARTICLE{maynardsmith_1973,
  author = {Maynard Smith, J. and Price, G.R.},
  title = {The logic of animal conflict},
  journal = {Nature},
  year = {1973},
  volume = {246},
  pages = {15--18}
}

@ARTICLE{mcadams97,
  author = {McAdams, H.H. and Arkin, A.},
  title = {Stochastic mechanisms in gene expression},
  journal = {Proceedings of the National Academy of Sciences, USA},
  year = {1997},
  volume = {94},
  pages = {814--819},
  optnote = {possible explanation for variance of genetically identical organisms}
}

@ARTICLE{mcgill2003,
  author = {McGill, B.J.},
  title = {A test of the unified neutral theory of biodiversity},
  journal = {Nature},
  year = {2003},
  volume = {422},
  pages = {881--5}
}

@ARTICLE{mckendrick1926,
  author = {McKendrick, A.~G.},
  title = {Applications of mathematics to medical problems},
  journal = {Proceedings of the Edinburgh Mathematical Society},
  year = {1926},
  volume = {44},
  pages = {98--130}
}

@ARTICLE{melian_ecolett2002,
  author = {Melian, C.J. and Bascompte, J.},
  title = {Food web structure and habitat loss},
  journal = {Ecology Letters},
  year = {2002},
  volume = {5},
  pages = {37--46}
}

@ARTICLE{menge_inreview,
  author = {Menge, D. and Weitz, J.S.},
  title = {Dangerous nutrients: evolution of phytoplankton resource uptake subject
	to viral attack},
  year = {in review},
  optjournal = {in review}
}

@ARTICLE{meszena_prl2005,
  author = {Mesz\'{e}na, G. and Gyllenberg, M. and Jacobs, F.~J. and Metz, J.~A.~J.},
  title = {Link between population dynamics and dynamics of {D}arwinian evolution},
  journal = {Phys.~Rev.~Lett.},
  year = {2005},
  volume = {95},
  pages = {078105},
  optjournal = {Physical Review Letters}
}

@BOOK{metz1986,
  title = {The Dynamics of Physiologically Structured Populations},
  publisher = {Springer-{V}erlag},
  year = {1986},
  author = {Metz, J.~A.~J. and Diekmann, O.},
  series = {Lecture Notes in Biomathematics},
  address = {Berlin}
}

@ARTICLE{middleboe_2000,
  author = {Middleboe, M.},
  title = {Bacterial growth rate and marine virus-host dynamics},
  journal = {Microbial Ecology},
  year = {2000},
  volume = {40},
  pages = {114--124}
}

@ARTICLE{mizoguchi_appenvmicrob2003,
  author = {Mizoguchi, K. and Morita, M. and Fischer, C.R. and Yoichi, M. and
	Tanji, Y. and Unno, H.},
  title = {Coevolution of bacteriophage {P}{P}01 and \emph{{E}scherichia coli}
	{0}157:{H}7 in continuous culture},
  journal = {Applied and Environmental Microbiology},
  year = {2003},
  volume = {69},
  pages = {170--6}
}

@ARTICLE{mocek_2005,
  author = {Mocek, W.T. and Voit, E.O.},
  title = {Approximation of delays in biochemical systems},
  journal = {Mathematical Biosciences},
  year = {2005},
  volume = {198},
  pages = {190--216}
}

@ARTICLE{moebus_1996a,
  author = {Moebus, K.},
  title = {Marine bacteriophage reproductiong under nutrient-limited growth
	of host bacteria. {I}. {I}nvestigations with six phage-host systems},
  journal = {Marine Ecology Progress Series},
  year = {1996},
  volume = {144},
  pages = {1--12}
}

@ARTICLE{moldovan_2007,
  author = {Moldovan, R. and Chapman-McQuiston, E. and Wu, X.L.},
  title = {On kinetics of phage adsorption},
  journal = {Biophysical Journal},
  year = {2007},
  volume = {93},
  pages = {303--315}
}

@ARTICLE{montoya2003,
  author = {Montoya, J.M. and Sole, R.V.},
  title = {Topological properties of food webs: from real data to community
	assembly model},
  journal = {OIKOS},
  year = {2003},
  volume = {102},
  pages = {614--22}
}

@BOOK{morris1998,
  title = {Crucible of Creation: The Burgess Shale and the Rise of Animals},
  publisher = {Oxford {U}niversity {P}ress},
  year = {1998},
  author = {Morris, Simon Conway},
  address = {Oxford}
}

@INCOLLECTION{mumford_1999,
  author = {Mumford, D.},
  title = {The dawning of the age of stochasticity},
  booktitle = {Mathematics: Frontiers and Perspectives},
  publisher = {American Mathematical Society},
  year = {1999},
  editor = {Arnold \emph{et al.}, V.I.},
  address = {Providence, R.I.}
}

@BOOK{murray_book2002a,
  title = {Mathematical Biology I.~An Introduction},
  publisher = {Springer},
  year = {2002},
  author = {Murray, J.~D.},
  address = {New York},
  edition = {3rd}
}

@BOOK{murray_book1993,
  title = {Mathematical Biology},
  publisher = {Springer-{V}erlag},
  year = {1993},
  author = {Murray, J.~D.},
  address = {Berlin},
  optedition = {2nd}
}

@ARTICLE{murray_2007,
  author = {Murray, N.E. and Gann, A.},
  title = {What has phage lambda ever done for us?},
  journal = {Current Biology},
  year = {2007},
  volume = {17},
  pages = {R305-R312}
}

@ARTICLE{nakagiri2004,
  author = {Nakagiri, N. and Tanaka, K.},
  title = {Indirect effects of habitat destruction in model ecosystems},
  journal = {Ecological Modelling},
  year = {2004},
  volume = {174},
  pages = {103--14}
}

@ARTICLE{nathan_nat2002,
  author = {Nathan, R. and Katul, G.G. and Horn, H.S. and Thomas, S.M. and Oren,
	R. and Avissar, R. and Pacala, s.W. and Levin, S.A.},
  title = {Mechanisms of long-distance dispersal of seeds by wind},
  journal = {Nature},
  year = {20002},
  volume = {418},
  pages = {409--413}
}

@ARTICLE{nee_ptb1994,
  author = {Nee, S. and May, R.M. and Harvey, P.H.},
  title = {The reconstructed evolutionary process},
  journal = {Phil. Trans. Biol. Sci.},
  year = {1994},
  volume = {344},
  pages = {305--11}
}

@ARTICLE{neu_sci1992,
  author = {Neu, H.C.},
  title = {The crisis in antibiotic resistance},
  journal = {Science},
  year = {1992},
  volume = {257},
  pages = {1064--1073}
}

@ARTICLE{neubert2000,
  author = {Neubert, M.~G. and Caswell, H.},
  title = {Demography and dispersal: calculation and sensitivity analysis of
	invasion speed for structured populations},
  journal = {Ecology},
  year = {2000},
  volume = {81},
  pages = {1613--28}
}

@ARTICLE{neuhauser1998,
  author = {Neuhauser, C.},
  title = {Habitat Destruction and Competitive Coexistence in Spatially Explicit
	Models with Local Interactions},
  journal = {J. Theor. Biol.},
  year = {1998},
  volume = {193},
  pages = {445--63}
}

@ARTICLE{newman_pre2002,
  author = {Newman, M.~E.~J.},
  title = {The spread of epidemic disease on networks},
  journal = {Phys.~Rev.~E},
  year = {2002},
  volume = {66},
  pages = {016128}
}

@ARTICLE{niklas1994,
  author = {Niklas, K.},
  title = {Morphological evolution through complex domains of fitness},
  journal = {Proc. Natl. Acad. Sci. USA},
  year = {1994},
  volume = {91},
  pages = {6772--9}
}

@ARTICLE{nowak_science2004,
  author = {Nowak, M.~A. and Sigmund, K.},
  title = {Evolutionary dynamics of biological games},
  journal = {Science},
  year = {2004},
  volume = {303},
  pages = {793--9}
}

@BOOK{nowak_book2000,
  title = {Virus Dynamics: Mathematical Principles of Immunology and Virology},
  publisher = {Oxford University Press},
  year = {2000},
  author = {Nowak, M.A. and May, R.M.},
  address = {Oxford, UK}
}

@ARTICLE{ohta_pnas2002,
  author = {Ohta, T.},
  title = {Near-neutrality in revolution of genes and gene regulation},
  journal = {Proc. Natl. Acad. Sci. },
  year = {2002},
  volume = {99},
  pages = {16134--7}
}

@ARTICLE{ohta_annrev1992,
  author = {Ohta, T.},
  title = {The nearly neutral theory of molecular evolution},
  journal = {Annu. Rev. Ecol. Syst.},
  year = {1992},
  volume = {23},
  pages = {263--86}
}

@ARTICLE{olsen_2005,
  author = {Olsen, E. and Lilly, G.R. and Heino, M. and Morgan, M.J. and Brattey,
	J. and Dieckmann, U.},
  title = {Assessing changes in age and size at maturation in collapsing populations
	of Atlantic cod (\emph{Gadus morhua})},
  journal = {Canadian Journal of Fisheries and Aquatic Sciences},
  year = {2005},
  volume = {62},
  pages = {811--823}
}

@ARTICLE{orr_2005,
  author = {Orr, H.A.},
  title = {Theories of adaptation: what they do and don't say},
  journal = {Genetica},
  year = {2005},
  volume = {123},
  pages = {3--13}
}

@ARTICLE{Orr2005,
  author = {H. Allen Orr},
  title = {The Genetic Theory of Adaptation: A Brief History},
  journal = {Nature Reviews Genetics},
  year = {2005},
  volume = {6},
  pages = {119-127}
}

@ARTICLE{ovreas_2003,
  author = {Ovreas, L. and Bourne, D. and Sandaa, R.A. and Casamayor, E.O. and
	Benlloch, S. and Goddard, V. and Smerdon, G. and Heldal, M. and Thingstad,
	T.F.},
  title = {Response of bacterial and viral communities to nutrient manipulations
	in seawater microcosms},
  journal = {Aquatic Microbial Ecology},
  year = {2003},
  volume = {31},
  pages = {109--121}
}

@ARTICLE{paine1981,
  author = {Paine, R.~T. and Levin, S.~A.},
  title = {Intertidal landscapes: disturbance and the dynamics of pattern},
  journal = {Ecol. Monographs},
  year = {1981},
  volume = {51},
  pages = {145--78}
}

@ARTICLE{park_pnas2003,
  author = {Park, S. and Wolanin, P.M. and Yuzbashyan, E.A. and Lin, H. and Darnton,
	N.C. and Stock, J.B. and Silberzan, P. and Austin, R.},
  title = {Influence of topology on bacterial social interaction},
  journal = {Proceedings of the National Academy of Sciences, USA},
  year = {2003},
  volume = {100},
  pages = {13910--13915},
  optjournal = {Proc.~Nat.~Acad.~Sci.~USA}
}

@ARTICLE{partensky_1999,
  author = {Partensky, F. and Hess, W.~R. and Vaulot, D. },
  title = {\emph{Prochlorococcus} a marine photosynthetic prokaryote of global
	significance},
  journal = {Micrbiol.~Mol.~Biol.~Rev},
  year = {1999},
  volume = {63},
  pages = {106--27}
}

@ARTICLE{pascual_plos2004,
  author = {Pascual, M. and Dobson, A.},
  title = {Seasonal patterns of infectious diseases},
  journal = {PLoS Med},
  year = {2004},
  volume = {2},
  pages = {e5}
}

@ARTICLE{pearl_plos2008,
  author = {Pearl, S. and Gabay, C. and Kishony, R. and Oppenheim, A. and Balaban,
	N.Q.},
  title = {Nongenetic individuality in the host-phage interaction},
  journal = {PLoS Biology},
  year = {2008},
  volume = {6},
  pages = {e120}
}

@ARTICLE{plotkin_amnat2002,
  author = {Plotkin, J.B. and Chave, J. and Ashton, P.S.},
  title = {Cluster analysis of spatial patterns in Malaysian tree species},
  journal = {Am. Nat.},
  year = {2002},
  volume = {160},
  pages = {629--44}
}

@ARTICLE{plotkin2003,
  author = {Plotkin, J.B. and Dushoff, J.},
  title = {Codon bias and frequency-dependent selection on the hemagglutinin
	epitopes of influenza {A} virus},
  journal = {Proceedings of the National Academy of Sciences, USA},
  year = {2003},
  volume = {100},
  pages = {7152--7},
  optjournal = {Proc.~Natl.~Acad.~Sci.~USA}
}

@ARTICLE{pourquie_sci2003,
  author = {Pourqu\'{i}e, O.},
  title = {The segmentation clock: converting embryonic time into spatial pattern},
  journal = {Science},
  year = {2003},
  volume = {301},
  pages = {328--30}
}

@ARTICLE{prosser_nat2007,
  author = {Prosser \emph{et al.}, J.I.},
  title = {The role of ecological theory in microbial ecology},
  journal = {Nature Reviews Microbiology},
  year = {2007},
  volume = {5},
  pages = {384--392}
}

@BOOK{ptashne_book,
  title = {A Genetic Switch: Phage Lambda Revisited},
  publisher = {Cold Spring Harbor Laboratory Press},
  year = {2004},
  author = {Ptashne, M.},
  address = {Cold Spring Harbor, NY},
  edition = {3rd}
}

@ARTICLE{queitsch_nature2002,
  author = {Queitsch, C. and Sangster, T.A. and Lindquist, S.},
  title = {Hsp90 as a capacitor of phenotypic variation},
  journal = {Nature},
  year = {2002},
  volume = {417},
  pages = {618--24}
}

@ARTICLE{raup1966,
  author = {Raup, D.M.},
  title = {Geometric analysis of shell coiling: general problems},
  journal = {J. Paleontol.},
  year = {1966},
  volume = {41},
  pages = {43--65}
}

@ARTICLE{raup1967,
  author = {Raup, D.M.},
  title = {Geometric analysis of shell coiling: coiling in ammonoids},
  journal = {J. Paleontol.},
  year = {1966},
  volume = {UNKNOWN},
  pages = {UNKNOWN}
}

@ARTICLE{raup1973,
  author = {Raup, D.M. and Gould, S.J. and Schopf, T.J.M. and Simberloff, D.S.},
  title = {Stochastic models of phylogeny and the evolution of diversity},
  journal = {Journal of Geology},
  year = {1973},
  volume = {81},
  pages = {525--42}
}

@ARTICLE{ricciuti_1972,
  author = {Ricciuti, C.~P.},
  title = {Host-virus interactions in \emph{Escherichia coli}: Effect of stationary
	phase on viral release from {MS}2-infected bacteria},
  journal = {Journal of Virology},
  year = {1972},
  volume = {10},
  pages = {162--165}
}

@ARTICLE{ritchie1999,
  author = {Ritchie, M.~E.},
  title = {Spatial scaling laws yield a synthetic theory of biodiversity},
  journal = {Nature},
  year = {1999},
  volume = {400},
  pages = {557--60}
}

@ARTICLE{rodin_jtb1983a,
  author = {Rodin, S.N. and Ratner, V.M.},
  title = {Some theoretical aspects of protein coevolution in the ecosystem
	``phage-bacteria'' {I}. The problem},
  journal = {Journal of Theoretical Biology},
  year = {1983},
  volume = {100},
  pages = {185--95}
}

@ARTICLE{rokney_2008,
  author = {Rokney, A. and Kobiler, O. and Amir, A. and Court, D.L. and Stavans,
	J. and Adhya, S. and Oppenheim, A.B.},
  title = {Host responses influence on the induction of lambda prophage},
  journal = {Molecular Microbiology},
  year = {2008},
  volume = {68},
  pages = {29--36}
}

@ARTICLE{rotem_2008,
  author = {Rotem, E. and Rokney, A. and Feeney, M. and Semsey, S. and Kessel,
	M. and Goldberg, M.B. and Adhya, S. and Oppenheim, A.B.},
  title = {Bacteriophage infection is targeted to cellular poles},
  journal = {Molecular Microbiology},
  year = {2008},
  volume = {5},
  pages = {1107--1116}
}

@ARTICLE{rothman2002,
  author = {Rothman, D.H.},
  title = {Atmospheric {C02} levels for the last 500 million years},
  journal = {Proc. Natl. Acad. Sci.},
  year = {2002},
  volume = {99},
  pages = {4167--71}
}

@ARTICLE{rothman2001,
  author = {Rothman, D.~H.},
  title = {Global biodiversity and the ancient carbon cycle},
  journal = {Proc. Natl. Acad. Sci. USA},
  year = {2001},
  volume = {98},
  pages = {4305--10}
}

@ARTICLE{rueber1999,
  author = {Rueber, L. and Verheyen, E. and Meyer, A.},
  title = {Replicated evolution of trophic specializations in an endemic cichlid
	fish lineage from Lake Tanganyika},
  journal = {Proc. Natl. Acad. Sci. {U}{S}{A}},
  year = {1999},
  volume = {96},
  pages = {10230--5}
}

@ARTICLE{rutherford_nature1998,
  author = {Rutherford, S.L. and Lindquist, S.},
  title = {Hsp90 as a capacitor for morphological evolution},
  journal = {Nature},
  year = {1998},
  volume = {396},
  pages = {336--42}
}

@BOOK{sakurai1994,
  title = {Modern Quantum Mechanics},
  publisher = {Addison-Wesley},
  year = {1994},
  author = {Sakurai, J.~J.},
  address = {Reading, MA}
}

@ARTICLE{sano_2004,
  author = {Sano, E. and Carlson, S. and Wegley, L. and Rohwer, F.},
  title = {Movement of viruses between biomes},
  journal = {Appl. Env. Microb.},
  year = {2004},
  volume = {70},
  pages = {5842--5846}
}

@ARTICLE{sansonetti_nat2004,
  author = {Sansonetti, P.J.},
  title = {War and peace at mucosal surfaces},
  journal = {Nature Reviews Immunology},
  year = {2004},
  volume = {4},
  pages = {953--964}
}

@ARTICLE{santillan_2004,
  author = {Santill\'{a}n, M. and Mackey, M.C.},
  title = {Why the lysogenic state of phage $\lambda$ is so stable: a mathematical
	modeling approach},
  journal = {Biophysical Journal},
  year = {2004},
  volume = {86},
  pages = {75--84}
}

@INCOLLECTION{santoso_2006,
  author = {Santoso, L. and Lanzon, A.},
  title = {On the modelling of a bistable genetic switch},
  booktitle = {Proceedings of the 45th IEEE Conference on Decision and Control},
  year = {2006},
  pages = {31--36}
}

@ARTICLE{satulovsky1994,
  author = {Satulovsky, J.~E. and Tome, T.},
  title = {Stochastic lattice gas model for a predator-prey system},
  journal = {Phys. Rev. E},
  year = {1994},
  volume = {49},
  pages = {5073--9}
}

@ARTICLE{saunders1984,
  author = {Saunders, W.B. and Swan, A.R.H.},
  title = {Morphology and morphologic diversity of mid-{C}arboniferous ({N}amurian)
	ammonoids in time and space},
  journal = {Paleobiology},
  year = {1984},
  volume = {10},
  pages = {195--228}
}

@ARTICLE{schrag_amnat1996,
  author = {Schrag, S.J. and Mittler, J.E.},
  title = {Host-parasite coexistence: the role of spatial refuges in stabilizing
	bacteria-phage interactions},
  journal = {American Naturalist},
  year = {1996},
  volume = {148},
  pages = {348--77}
}

@ARTICLE{shea_1985,
  author = {Shea, M.A. and Ackers, G.K.},
  title = {The {OR} control system of bacteriophage lambda. {A} physical chemical
	model of gene regulation},
  journal = {Journal of Molecular Biology},
  year = {1985},
  volume = {181},
  pages = {211--230}
}

@ARTICLE{shertzer_jae2002,
  author = {Shertzer, K.W. and Ellner, S.P. and Fussmann, G.F. and Hairston,
	N.G.},
  title = {Predator-prey cycles in an aquatic microcosm: testing hypotheses
	of mechanism},
  journal = {J.~Anim.~Ecol.},
  year = {2002},
  volume = {71},
  pages = {802--815}
}

@ARTICLE{silander_pnas2005,
  author = {Silander, O.~K. and Weinrich, D.~M. and Wright, K.~M. and O'Keefe,
	K.~J. and Rang, C.~U. and Turner, P.~E. and Chao, L.},
  title = {Widespread genetic exchange among terrestrial bacteriophages},
  journal = {Proc. Natl. Acad. Sci. USA},
  year = {2005},
  volume = {102},
  pages = {19009-19014}
}

@ARTICLE{sillankorva_fems2004,
  author = {Sillankorva, S. and Oliveira, R. and Vieira, M.~J. and Sutherland,
	I. and Azeredo, J.},
  title = {\emph{Pseudomonas flourescens} infection by bacteriophage {$\Phi$S1}:
	the influence of temperature, host growth phase and media},
  journal = {FEMS Microbiology Letters},
  year = {2004},
  volume = {241},
  pages = {13--20}
}

@ARTICLE{skellam_biomet1951,
  author = {Skellam, J.G.},
  title = {Random dispersal in theoretical populations},
  journal = {Biometrika},
  year = {1951},
  volume = {38},
  pages = {196--218}
}

@ARTICLE{smith_pnas2002,
  author = {Smith, D.L. and Harris, A.D. and Johnson, J.A. and Silbergold, E.K.
	and Morris Jr., J.G.},
  title = {Animal antiobiotic use has an early but important impact on the emergence
	of antibiotic resistance in human commensal bacteria},
  journal = {Proceedings of the National Academy of Sciences, USA},
  year = {2002},
  volume = {99},
  pages = {6434--6439},
  optjournal = {Proc.~Natl.~Acad.~Sci.~USA}
}

@ARTICLE{maynardsmith1973,
  author = {Smith, M.~J.},
  title = {The stability of predator-prey systems},
  journal = {Ecology},
  year = {1973},
  volume = {54},
  pages = {384--91}
}

@ARTICLE{spanakis_jgenmicrob1987,
  author = {Spanakis, E. and Horne, M.T.},
  title = {Co-adaptation of \emph{{E}scherichia coli} and {C}oliphage \emph{$\lambda$vir}
	in continuous culture},
  journal = {Journal of General Microbiology},
  year = {1987},
  volume = {133},
  pages = {353--60}
}

@ARTICLE{stevens2002,
  author = {Stevens, M.~H.~H. amd Carson, W.~P.},
  title = {Resource quantity, not resource heterogeneity, maintains plant diversity},
  journal = {Ecology Letters},
  year = {2002},
  volume = {5},
  pages = {420--6}
}

@ARTICLE{stewart_tpb1984,
  author = {Stewart, F.M. and Levin, B.R.},
  title = {The population biology of bacterial viruses: why be temperate},
  journal = {Theoretical Population Biology},
  year = {1984},
  volume = {26},
  pages = {93--117}
}

@ARTICLE{strogatz2001,
  author = {Strogatz, S.H.},
  title = {Exploring complex networks},
  journal = {Nature},
  year = {2001},
  volume = {410},
  pages = {268--276}
}

@UNPUBLISHED{sullivan_private2007,
  author = {Sullivan, M.},
  note = {{P}rivate correspondence},
  year = {2007}
}

@ARTICLE{sullivan_nat2003,
  author = {Sullivan, M.B. and Waterbury, J.B. and Chisholm, S.W.},
  title = {Cyanophage infecting the oceanic cyanobacterium, \emph{Prochlorococcus}},
  journal = {Nature},
  year = {2003},
  volume = {424},
  pages = {1047--51}
}

@ARTICLE{sullivan_plos2005,
  author = {Sullivan, M.~B. and Coleman, M. and Weigele, P. and Rohwer, F. and
	Chisholm, S.~W.},
  title = {Three \emph{Prochlorococcus} cyanophage genomes: signature features
	and ecological interpretations},
  journal = {PLoS Biology},
  year = {2005},
  volume = {3},
  pages = {e144}
}

@ARTICLE{suttle_nat2005,
  author = {Suttle, C.~A.},
  title = {Viruses in the Sea},
  journal = {Nature},
  year = {2005},
  volume = {437},
  pages = {356--361}
}

@ARTICLE{suttle_1994,
  author = {Suttle, C.~A.},
  title = {The significance of viruses to mortality in aquatic microbial communities},
  journal = {Microbial Ecology},
  year = {1994},
  volume = {28},
  pages = {237--243}
}

@ARTICLE{svenningsen_2005,
  author = {Svenningsen, S.L. and Constantino, N. and Court, D.L. and Adhya,
	S.},
  title = {On the role of Cro in $\lambda$ prophage induction},
  journal = {Proceedings of the National Academy of Sciences, USA},
  year = {2005},
  volume = {102},
  pages = {4465--4469}
}

@ARTICLE{swan1987,
  author = {Swan, A.R.H. and Saunders, W.B.},
  title = {Function and shape in {L}ate {P}aleozoic (mid-{C}arboniferous) ammonoids},
  journal = {Paleobiology},
  year = {1987},
  volume = {13},
  pages = {297--311}
}

@ARTICLE{thingstad_2000,
  author = {Thingstad, T.F.},
  title = {Elements of a theory for the mechanisms controlling abundance, diversity,
	and biogeochemical role of lytic bacterial viruses in aquatic systems},
  journal = {Limnology and Oceanography},
  year = {2000},
  volume = {45},
  pages = {1320--1328}
}

@ARTICLE{thirion_gen1972,
  author = {Thirion, J.P. and Hofnung, M.},
  title = {On some genetic aspects of phage $\lambda$ resistance in \emph{E.
	coli} K12},
  journal = {Genetics},
  year = {1972},
  volume = {71},
  pages = {207--16},
  optjournal = {Genetics}
}

@ARTICLE{thomas2000,
  author = {Thomas, R.D.K. and Shearman, R.M. and Stewart, C.W.},
  title = {Evolutionary exploitation of design options by the first animals
	with hard skeletons},
  journal = {Science},
  year = {2000},
  volume = {288},
  pages = {1239--42}
}

@ARTICLE{thompson_sci2005,
  author = {Thompson, J.R. and Pacocha, S. and Pharino, C. and Klepac-Ceraj,
	V. and Hunt, D.E. and Benoit, J. and Sarma-Rupavtarm, R. and Distel,
	D.L. and Polz, M.F.},
  title = {Genotypic diversity within a natural coastal bacterioplankton population},
  journal = {Science},
  year = {2005},
  volume = {307},
  pages = {1311--3}
}

@ARTICLE{tian_2004,
  author = {Tian, T. and Burrage, K.},
  title = {Bistability and switching in the lysis/lysogeny genetic regulatory
	network of bacteriophage lambda},
  journal = {Journal of Theoretical Biology},
  year = {2004},
  volume = {227},
  pages = {229--237}
}

@ARTICLE{tilman1994,
  author = {Tilman, D.},
  title = {Competition and biodiversity in spatially structured habits},
  journal = {Ecology},
  year = {1994},
  volume = {75},
  pages = {2--16}
}

@BOOK{tilman1982,
  title = {Resource Competition and Community Structure},
  publisher = {Princeton University Press},
  year = {1982},
  author = {Tilman, D.},
  series = {Monographs in Population Biology},
  address = {Princeton, NJ}
}

@ARTICLE{tilman1997,
  author = {Tilman, D. and Lehman, C.~L. and Thomson, K.~T.},
  title = {Plant diversity and ecosystem productivity: Theoretical considerations},
  journal = {Proc. Natl. Acad. Sci.},
  year = {1997},
  volume = {94},
  pages = {1857--61}
}

@ARTICLE{torsvik2002,
  author = {Torsvik, V. and Ovreas, L. and Thingstad, T.F.},
  title = {Prokaryotic diversity -- magnitude, dynamics, and controlling factors},
  journal = {Science},
  year = {2002},
  volume = {296},
  pages = {1064--6}
}

@ARTICLE{turner_nat1999,
  author = {Turner, P.~E. and Chao, L.},
  title = {Prisoner's dilemma in an {RNA} virus},
  journal = {Nature},
  year = {1999},
  volume = {398},
  pages = {441--443}
}

@ARTICLE{vanvalen_evotheory1973,
  author = {van Valen, L.},
  title = {A new evolutionary law},
  journal = {Evolutionary Theory},
  year = {1973},
  volume = {1},
  pages = {1--30}
}

@INCOLLECTION{valentine1986a,
  author = {Valentine, J.M.},
  title = {Fossil record of the origin of {B}auplaene and its implications},
  booktitle = {Patterns and processes in the history of life},
  publisher = {Springer-Verlag},
  year = {1986},
  editor = {Raup, D.M. and Jablonski, D.},
  address = {Berlin}
}

@ARTICLE{valentine1995,
  author = {Valentine, J.W.},
  title = {Why No New Phyla after the {C}ambrian - Genome and Ecospace Hypotheses
	Revisited},
  journal = {Palaios},
  year = {1995},
  volume = {10},
  pages = {190--4}
}

@ARTICLE{valetine1969,
  author = {Valentine, J.W.},
  title = {Patterns of taxonomic and ecological structure of the shelf benthos
	during {P}hanerozoic time},
  journal = {Palaeontology},
  year = {1969},
  volume = {12},
  pages = {684--709}
}

@INCOLLECTION{valentine1987,
  author = {Valentine, J.W. and Erwin, D.H.},
  title = {Interpreting great developmental experiments: the fossil record},
  booktitle = {Development as an evolutionary process},
  publisher = {Alan R. Liss},
  year = {1987},
  editor = {Raff, R.A. and Raff, E.C.},
  address = {New York, NY}
}

@ARTICLE{valentine1986b,
  author = {Valentine, J.W. and Walker, T.D.},
  title = {Diversity trends within a model taxonomic hierarchy},
  journal = {Physica D},
  year = {1986},
  volume = {22},
  pages = {31--42}
}

@ARTICLE{valentine1980,
  author = {Valntine, J.W.},
  title = {Determinants of diversity in higher taxonomic categories},
  journal = {Paleobiology},
  year = {1980},
  volume = {6},
  pages = {444--50}
}

@ARTICLE{vance1974,
  author = {Vance, R.~R.},
  title = {Predation and resource partitioning in one predator - two prey model
	communities},
  journal = {American Naturalist},
  year = {1974},
  volume = {112},
  pages = {797--813}
}

@ARTICLE{vasseur_amnat2005,
  author = {Vasseur, D.A. and McCann, K.S.},
  title = {A mechanistic approach for modeling temperature-dependent consumer-resource
	dynamics},
  journal = {Am.~Nat.},
  year = {2005},
  volume = {166},
  pages = {184--198}
}

@ARTICLE{venter_sci2004,
  author = {Venter et al., J.C.},
  title = {Environmenetal genome shotgun sequencing of the {S}argasso {S}ea},
  journal = {Science},
  year = {2004},
  volume = {304},
  pages = {58--60}
}

@ARTICLE{vezina_1985,
  author = {Vezina, A.F.},
  title = {Empirical relationships between predator and prey size among terrestrial
	vertebrate predators},
  journal = {Oecologia},
  year = {1985},
  volume = {67},
  pages = {555--565}
}

@ARTICLE{devisser_evol2003,
  author = {de Visser et al., J.A.G.M.},
  title = {Perspective: evolution and detection of genetic robustness},
  journal = {Evolution},
  year = {2003},
  volume = {57},
  pages = {1959--72}
}

@ARTICLE{volterra1926,
  author = {Volterra, V.},
  title = {Fluctuations in the abundance of a species considered mathematically},
  journal = {Nature},
  year = {1926},
  volume = {118},
  pages = {558--60}
}

@ARTICLE{wagner2005,
  author = {Wagner, A.},
  title = {Energy constraints on the evolution of gene expression},
  journal = {Molecular Biology and Evolution},
  year = {2005},
  volume = {22},
  pages = {1365--1374}
}

@ARTICLE{wagner_currbio2003,
  author = {Wagner, G.P.},
  title = {Evolutionary genetics: the nature of hidden genetic variation unveiled},
  journal = {Current Biology},
  year = {2003},
  volume = {13},
  pages = {R958--60}
}

@ARTICLE{walker_amnat1984,
  author = {Walker, T.D. and Valentine, J.W.},
  title = {Equilibrium-models of evolutionary species-diversity and the number
	of empty niches},
  journal = {Am. Nat.},
  year = {1984},
  volume = {124},
  pages = {887--99}
}

@ARTICLE{wang_evoeco1996,
  author = {Wang, I. and Dykhuizen, D.~E. and Slobodkin, L.~B.},
  title = {The evolution of phage lysis timing},
  journal = {Evolutionary Ecology},
  year = {1996},
  volume = {10},
  pages = {545--58}
}

@ARTICLE{waxman_jevo2005,
  author = {Waxman, D. and Gavrilets, S.},
  title = {20 questions on adaptive dynamics},
  journal = {J.~Evol.~Biol.},
  year = {2005},
  volume = {18},
  pages = {1139--1154},
  optjournal = {Journal of Evolutionary Biology}
}

@ARTICLE{wei_jtb2005,
  author = {Wei, W. and Krone, S.M.},
  title = {Spatial invasion by a mutant pathogen},
  journal = {Journal of Theoretical Biology},
  year = {2005},
  volume = {236},
  pages = {335--348}
}

@ARTICLE{weinbauer_femsmicro2004,
  author = {Weinbauer, M.~G.},
  title = {Ecology of prokaryotic viruses},
  journal = {FEMS Microbiology Reviews},
  year = {2004},
  volume = {28},
  pages = {127--181}
}

@ARTICLE{weinberger_2007,
  author = {Weinberger, L. and Shenk, T.},
  title = {An {HIV} feedback resistor: auto-regulatory circuit deactivator and
	noise buffer},
  journal = {PLoS Biology},
  year = {2007},
  optpages = {e9},
  optvolume = {5}
}

@ARTICLE{weitz_microbe2008,
  author = {Weitz, J.S.},
  title = {Evolutionary ecology of bacterial viruses},
  journal = {Microbe},
  year = {in press}
}

@ARTICLE{weitz_thee2008,
  author = {Weitz, J.S. and Dushoff, J.},
  title = {Alternative stable states in host-phage dynamics},
  journal = {Theoretical Ecology},
  year = {2008},
  volume = {1},
  pages = {DOI 10.1007/s12080-007-0001-1}
}

@ARTICLE{weitz_lid2006,
  author = {Weitz, J.S. and Hartman, H.},
  title = {Phage in the time of cholera},
  journal = {The Lancet Infectious Disease},
  year = {2006},
  volume = {6},
  pages = {257--258}
}

@UNPUBLISHED{weitz_unpub2004,
  author = {Weitz, J.S. and Hartman, H. and Levin, S.A.},
  title = {Coevolutionary dynamics between bacteriophage and bacteria},
  note = {in preparation}
}

@UNPUBLISHED{weitz2005,
  author = {Weitz, J.S. and Hartman, H. and Levin, S.A.},
  title = {Coevolutionary arms races between bacteria and bacteriophage},
  year = {in review},
  optnote = {in review}
}

@ARTICLE{weitz_inpress,
  author = {Weitz, J.S. and Mileyko, Y. and Joh, R.I. and Voit, E.O.},
  title = {Collective decision making in bacterial viruses},
  journal = {Biophysical Journal},
  year = {in press}
}

@UNPUBLISHED{weitz2002,
  author = {Weitz, J.S. and Rothman, D.H.},
  title = {Plausible coexistence in a spatially structured habitat},
  note = {in preparation}
}

@ARTICLE{weitz_pre2004,
  author = {Weitz, J.S. and Rothman, D.H.},
  title = {Dynamics of a contact process with ontogeny},
  journal = {Physical Review E},
  year = {2004},
  volume = {70},
  pages = {021915}
}

@ARTICLE{weitz2003b,
  author = {Weitz, J.S. and Rothman, D.H.},
  title = {Scale-dependence of resource-biodiversity relationships},
  journal = {J. Theor. Biol.},
  year = {2003},
  volume = {225},
  pages = {205--14}
}

@ARTICLE{weitz_pnas2005,
  author = {Weitz, J.~S. and Hartman, H. and Levin, S.~A.},
  title = {Coevolutionary arms races between bacteria and bacteriophage},
  journal = {Proceedings of the National Academy of Sciences, USA},
  year = {2005},
  volume = {102},
  pages = {9535--9540},
  optjournal = {Proc.~Natl.~Acad.~Sci.~USA}
}

@ARTICLE{weitz_ecolett2006,
  author = {Weitz, J.~S. and Levin, S.~A.},
  title = {Size and scaling of predator-prey dynamics},
  journal = {Ecology Letters},
  year = {2006},
  volume = {9},
  pages = {548--557}
}

@ARTICLE{werts_1994,
  author = {Werts, C. and Michel, V. and Hofnung, M. and Charbit, A.},
  title = {Adsorption of bacteriophage lambda on the {L}am{B} protein of \emph{{E}scherichia
	coli} {K}-12: point mutations in gene {J} of lambda responsible for
	extended host range},
  journal = {Journal of Bacteriology},
  year = {1994},
  volume = {176},
  pages = {941--7},
  optjournal = {J. Bacteriol.}
}

@ARTICLE{whitfield2002,
  author = {Whitfield, J.},
  title = {Ecology: Neutrality versus the niche},
  journal = {Nature},
  year = {2002},
  volume = {417},
  pages = {480-1}
}

@ARTICLE{whittaker2001,
  author = {Whittaker, R.~J. and Willis, K.~J. and Field, R.},
  title = {Scale and species richness:towards a general, hierarchical theory
	of species diversity},
  journal = {Journal of Biogeography},
  year = {2001},
  volume = {28},
  pages = {453--70}
}

@ARTICLE{wichman_sci1999,
  author = {Wichman, H.A. and Badgett, M.R. and Scott, L.A. and Boulianne, C.M.
	and Bull, J.J.},
  title = {Different trajectories of parallel evolution during viral adaptation},
  journal = {Science},
  year = {1999},
  volume = {285},
  pages = {422--424}
}

@ARTICLE{wilke_bmc2005,
  author = {Wilke, C.O.},
  title = {Quasispecies theory in the context of population genetics},
  journal = {BMC Evolutionary Biology},
  year = {2005},
  volume = {5},
  pages = {44}
}

@ARTICLE{williams2000,
  author = {Williams, R.J. and Martinez, N.D.},
  title = {Simple rules yield complex food webs},
  journal = {Nature},
  year = {2000},
  volume = {404},
  pages = {180--3}
}

@ARTICLE{wolf_jtb2005,
  author = {Wolf, D.M. and Vazirani, V.V. and Arkin, A.P.},
  title = {A microbial modified prisoner's dilemma game: how frequency-dependent
	selection can lad to random phase variation},
  journal = {Journal of Theoretical Biology},
  year = {2005},
  volume = {234},
  pages = {255--262}
}

@ARTICLE{colwell2000,
  author = {Wommack, K.E. and Colwell, R.R.},
  title = {Virioplankton: viruses in aquatic ecosystems},
  journal = {Microbiology and Molecular Biology Reviews},
  year = {2000},
  volume = {64},
  pages = {69--114}
}

@INPROCEEDINGS{wright1932,
  author = {Wright, S.},
  title = {The roles of mutation, inbreeding, crossbreeding and selection in
	evolution},
  booktitle = {Proceedings of the 6th International Congress of Genetics},
  year = {1932},
  volume = {1},
  pages = {356--66}
}

@ARTICLE{Wright31,
  author = {Sewall Wright},
  title = {Evolution in Mendelian populations},
  journal = {Genetics},
  year = {1931},
  volume = {16},
  pages = {97–159}
}

@ARTICLE{yodzis_amnat1992,
  author = {Yodzis, P. and Innes, S.},
  title = {Body size and consumer-resource dynamics},
  journal = {Am.~Nat},
  year = {1992},
  volume = {139},
  pages = {1151--1175}
}

@ARTICLE{you_jtb1999,
  author = {You, L. and Yin, J.},
  title = {Amplification and spread of viruses in a growing plaque},
  journal = {Journal of Theoretical Biology},
  year = {1999},
  volume = {200},
  pages = {365--373}
}

@INCOLLECTION{youngincalendarbook2005,
  author = {Young, R. and Wang, I.-N.},
  title = {Phage lysis},
  booktitle = {The Bacteriophages},
  publisher = {Oxford University Press USA},
  year = {2005},
  editor = {Calendar, R.L.}
}

@ARTICLE{young_nature2001,
  author = {Young, W.R. and Roberts, A.J. and Stuhne, G.},
  title = {Reproductive pair correlations and the clustering of organisms},
  journal = {Nature},
  year = {2001},
  volume = {412},
  pages = {328--31}
}

@ARTICLE{yu2001,
  author = {Yu, D.~W. and Wilson, H.~B.},
  title = {The competition-colonization trade-off is dead; long live the competition-colonization
	trade-off},
  journal = {American Naturalist},
  year = {2001},
  volume = {158},
  pages = {49--63},
  optnumber = {1}
}

@ARTICLE{zhang_2006,
  author = {Zhang, T. and Bretibart, M. and Lee, W.H. and Run, J. and Wei, C.L.
	and Soh, S.W.L. and Hibberd, M.L. and Liu, E.T. and Rohwer, F. and
	Ruan, Y.},
  title = {{RNA} viral community in the human gut: prevalence of plant pathogenic
	viruses},
  journal = {PLoS Biology},
  year = {2006},
  volume = {4},
  pages = {1--11}
}

@BOOK{calendar_book2005,
  title = {The Bacteriophages},
  publisher = {Oxford University Press USA},
  year = {2005},
  editor = {Calendar, R.L.}
}

@BOOK{dieckmann_book2001,
  title = {The Geometry of Ecological Interactions: Simplying Spatial Complexity},
  publisher = {Cambridge University Press},
  year = {2001},
  editor = {Dieckmann, U. and Law, R. and Metz, J.A.J.}
}

@BOOK{dieckmann_book2002,
  title = {Adaptive Dynamics of Infectious Diseases: In Pursuit of Virulence
	Management},
  publisher = {Cambridge University Press},
  year = {2002},
  editor = {Dieckmann, U. and Metz, J.A.J. and Sabelis, M.W. and Sigmund, K.},
  address = {Cambridge, UK}
}

@INBOOK{foote1996,
  chapter = {Models of morphological diversification},
  pages = {62--86},
  title = {Evolutionary paleobiology},
  publisher = {Univ. of Chicago Press},
  year = {1996},
  editor = {Jablonski, D. and Erwin, D.H. and Lipps, J.H.}
}

@BOOK{okubo_book2002,
  title = {Diffusion and Ecological Problems: Modern Perspectives},
  publisher = {Springer},
  year = {2002},
  editor = {Okubo, A. and Levin, S.A.},
  address = {New York},
  edition = {2nd}
}

@BOOK{pachter2005,
  title = {Algebraic Statistics for Computational Biology},
  publisher = {Cambridge University Press},
  year = {2005},
  editor = {Pachter, L. and Sturmfels, B.}
}

@BOOK{schulze1993,
  title = {Biodiversity and Ecosystem Function},
  publisher = {Springer-{V}erlag},
  year = {1993},
  editor = {Schulze, E.~D. and Mooney, H.~A.},
  address = {Berlin; New York}
}

@BOOK{tilman1997b,
  title = {Spatial ecology: The role of space in population dynamics and interspecific
	interactions},
  publisher = {Princeton University Press},
  year = {1997},
  editor = {Tilman, D. and Kareiva, P.},
  series = {Monographics in Population Biology},
  address = {Princeton, NJ}
}

@INBOOK{,
}

